3984 5284
382 93 1418 210 Mar.te1tnon1unr,nnot.
1593 93 1759 238 ,75‘

99 231 102 238 r
130 219 223 314 amm
245 214 330 313 punit
348 215 375 277 εἰ
388 213 664 358 ,conceffgfaculpps
693 236 726 356 aE
739 214 788 280 suo
801 216 916 309 ,Princi-
956 217 1111 356 ”wilm
1128 220 1228 300 poterit
1249 217 1380 315 denotare
1396 223 1502 319 aliurn,
1523 231 1578 307 rifi
1594 234 1643 297 hoc
1656 239 1744 303 eidrrrr

126 300 918 459 el,neminen-2mtrntnn
949 299 1511 462 lmrnsmssmbls:
1526 315 1604 466 nl
1620 335 1744 476 nna

129 458 300 541 ἀκροῶ,
323 460 354 518 ,·„
374 453 424 520 hp
443 458 610 534 mucoso
632 460 916 553 (proprrrmagpnm,
958 477 1016 551 non
1046 456 1081 520 sit
1101 458 1343 554 revocataasoo
1363 463 1457 555 J'tinci
1500 467 1540 545 li,
1561 492 1597 536 ne
1647 477 1743 546 uident

127 536 202 624 quod
221 536 346 620 exlsaslo
366 554 426 599 ram
446 541 532 601 arduo
545 536 633 620 posset
645 538 802 621 periculam
820 541 913 601 rnrrai·
956 553 1046 602 tactte
1059 580 1075 614 ⁴,
1097 534 1145 602 seu
1165 555 1302 618 interne,
1332 539 1404 605 abac
1421 564 1462 607 nu
1475 544 1535 611 lum
1557 552 1613 616 erit
1690 561 1741 621 tri·

1638 655 1701 699 mo·

128 800 207 847 rores
228 777 426 858 mysteriorum
448 777 504 842 Dei
527 775 591 841 sont
610 778 792 853 Sacerdotes,
813 793 902 843 nter
917 776 1055 848 unanimi
1078 778 1224 856 Patrona,
1247 780 1279 844 er
1294 780 1494 864 interpretum
1516 785 1654 856 sententia
1674 772 1742 860 coo·

128 863 211 925 nar.
234 859 335 938 Itaque
364 857 529 922 Sacerdotes
557 875 669 923 tanturn
701 857 731 921 in
753 856 900 953 Scriptura
929 855 1102 953 generatim·
1131 858 1265 955 dicontur
1298 862 1550 929 sacramentorum
1584 873 1704 937 minillti
1728 902 1743 951 ,·

129 939 216 1084 (pr
237 938 324 1001 ,riam
346 961 382 1004 a
402 958 438 1002 ρο
459 938 689 1020 comprobatur,
710 939 781 1019 quia
801 938 822 999 ia
844 955 958 1002 tantum
982 939 1103 999 mtutllrr
1125 939 1274 1021 teltgronts
1293 940 1436 1006 habentur
1457 988 1467 1006 .
1489 947 1553 1010 Nisr
1574 970 1644 1034 ergo
1664 956 1740 1019 clare

128 1044 145 1086 a

158 1019 241 1088 iuude
262 1020 395 1094 conslet,
420 1017 514 1082 Deum
535 1016 723 1082 ministerium
744 1018 922 1081 Sacramenti
941 1017 1131 1081 Matrimonii
1151 1021 1388 1086 contrahentibus
1408 1025 1553 1102 tribuisse,
1574 1051 1632 1125 qna
1654 1035 1743 1101 ratio·

129 1125 165 1167 ne
185 1098 343 1166 ,excludere
373 1100 535 1166 Sacerdotes
562 1098 709 1179 ,possumus
737 1099 773 1161 ab
793 1097 940 1162 ordinatio
969 1098 1054 1174 hujus
1071 1100 1251 1166 Sacramenti
1283 1102 1472 1168 ministerio?
1505 1109 1680 1205 Ectputsnam
1702 1118 1743 1180 est

128 1182 280 1264 Scriptura
301 1196 415 1254 textos,
444 1199 574 1260 quaenam
596 1179 782 1262 antiquorum
804 1178 924 1244 Parrum
955 1176 1097 1242 sententia
1118 1180 1183 1255 ell,
1213 1200 1276 1261 quae
1297 1202 1354 1245 non
1376 1179 1469 1248 sacros
1490 1188 1638 1269 religionis
1658 1190 1745 1258 mini.

130 1265 217 1334 siros,
241 1261 296 1323 stve
316 1259 496 1333 Sacerdotes,
520 1256 563 1320 sed
580 1259 802 1333 contrahentes,
824 1258 936 1323 hecresl
960 1279 1100 1333 marem,
1122 1261 1152 1324 be
1172 1258 1329 1336 seminam,
1362 1263 1507 1331 ministros
1525 1269 1625 1334 asserat
1647 1275 1743 1338 Sacra

131 1341 223 1408 menti
246 1338 455 1406 Matrimonii?
487 1337 541 1400 Nil
554 1335 628 1403 sane
648 1337 987 1414 hujusmodioccurrit.
1018 1339 1119 1402 termo
1137 1342 1259 1420 antiqua
1279 1342 1399 1406 traditio
1420 1366 1564 1431 nunquam
1585 1351 1747 1419 Matrimo-

129 1423 213 1486 nium
234 1442 292 1485 rem
317 1419 452 1496 sacram,
482 1436 531 1482 aut
552 1421 772 1482 Sacramentum
793 1421 935 1494 vocavit,
956 1415 1012 1495 nili
1025 1418 1111 1493 simul
1129 1424 1285 1484 meminerit
1305 1423 1486 1489 sacerdotalis
1506 1433 1536 1493 io
1557 1430 1606 1492 r'llo
1626 1436 1744 1506 interere,

129 1506 230 1567 aientis
251 1501 412 1582 minsterii,
443 1517 475 1562 nt
496 1499 608 1579 optime
627 1493 793 1562 observavit
815 1498 979 1562 Benedislus
998 1499 1085 1562 xtv.
1115 1498 1144 1561 in
1164 1502 1280 1598 aregio
1301 1500 1351 1566 suo
1370 1524 1456 1587 opere
1485 1508 1520 1570 de
1541 1513 1746 1590 SynodoDr'm

129 1579 226 1664 cesina
246 1582 297 1647 lib.
320 1605 349 1665 7.
371 1599 431 1664 cap.
454 1575 502 1641 28.
522 1577 570 1641 Ex
591 1578 648 1640 boc
668 1594 763 1641 autem
785 1578 913 1652 conllat,
936 1578 964 1640 in
986 1579 1111 1642 Ecclesia
1130 1580 1369 1677 Cbrislrsemper
1390 1589 1610 1670 matrimonium
1633 1610 1665 1657 ur
1680 1616 1748 1662 rem

130 1663 236 1730 sacram
256 1709 265 1739 ,
288 1666 318 1726 δι
338 1682 397 1741 qna
417 1661 632 1722 Sacramentum
653 1658 691 1720 esi
709 1701 718 1731 ,
739 1677 811 1740 opus
830 1658 954 1721 babuisse
974 1659 1162 1724 Sacetdotalis
1185 1661 1354 1727 mitrillerir.
1385 1665 1515 1735 Feclefiz
1534 1692 1604 1754 argo
1626 1673 1746 1738 radim,

123 1743 238 1804 indicat
259 1742 449 1804 constitutum
467 1760 485 1802 a
503 1738 569 1804 Deo
583 1736 665 1801 soille
686 1736 769 1810 buius
790 1739 965 1814 Sacrameoti
986 1740 1148 1803 ministrum
1168 1741 1370 1808 Sacerdotem.
1752 1759 1793 1788 s
1817 1760 1827 1764 ·
1851 1759 1856 1764 ’

170 1821 281 1885 Deinde
298 1821 334 1882 in
353 1819 486 1902 quolibet
505 1820 708 1894 Sacramento‚
730 1818 808 1899 quod
828 1818 939 1883 aslione
957 1819 1169 1898 contineatur,
1191 1821 1351 1899 cuiusmodi
1373 1823 1457 1905 sont,
1485 1852 1546 1894 una
1560 1831 1748 1898 Euclratillia

130 1921 247 1986 excepta
269 1947 278 1975 ,
301 1903 485 1964 Sacramenta
504 1898 642 1981 reliqua,
665 1895 815 1980 suscipiens
835 1920 853 1961 a
872 1898 1013 1964 Ministro
1032 1900 1240 1982 distinguitur,
1267 1922 1302 1969 ut
1321 1904 1490 1972 discurrenti
1506 1932 1560 1994 pet
1581 1913 1600 1975 si
1642 1912 1691 1978 ula
1708 1915 1750 1990 li-‚

128 2000 216 2070 quet.
240 1985 285 2046 At
307 1981 415 2044 lisera
433 1979 579 2046 contraria
595 1978 701 2062 opinio
720 1976 812 2053 soret,
833 1975 924 2062 sponsr
945 1977 1126 2062 suscipientes
1145 1983 1363 2050 Sacramentum
1386 1989 1598 2065 Matrimonii,
1631 1994 1671 2058 rbi
1693 1995 1747 2057 tui·

129 2063 210 2126 nillti
231 2060 336 2134 essrent,
365 2081 398 2121 ac
421 2061 468 2121 fibi
490 2061 706 2124 Sacramentum
729 2057 916 2122 conferrent.
938 2059 1091 2125 Uodcnam
1114 2064 1224 2126 conllat
1245 2065 1417 2131 nubentibus
1437 2067 1630 2149 conficiendi,
1662 2075 1694 2138 δι
1716 2069 1747 2136 st·

128 2145 160 2210 bi
182 2139 344 2210 conserendi
364 2142 580 2204 Sacramentum
601 2140 739 2203 collatam
768 2158 786 2200 a
806 2136 869 2204 [neo
890 2135 967 2201 suisse
987 2140 1187 2222 potellatemi
1219 2143 1251 2226 ld
1272 2144 1350 2206 enim
1369 2169 1416 2209 ,ιι
1429 2149 1606 2232 Scriptura,
1630 2174 1673 2217 vex
1694 2154 1748 2218 1³2.

130 2222 224 2288 tribus
242 2243 307 2296 ,ex
329 2219 499 2297 Conciliis,
520 2240 605 2304 atque
626 2242 659 2284 ex
681 2219 746 2281 aliis
767 2215 894 2281 sontibus
914 2220 1070 2282 eruendum
1091 2221 1178 2295 esser,
1210 2224 1370 2304 exquibus
1398 2227 1528 2291 divinam
1543 2230 1749 2299 segmento.

130 2323 196 2370 rum
218 2300 437 2365 ,institutionem
459 2300 595 2364 norimus
617 2321 624 2362 :
657 2298 750 2363 immo
770 2297 920 2384 perspicuae
941 2318 974 2361 ac
987 2296 1153 2362 ¹clarissimae
1175 2298 1228 2362 bac
1254 2304 1289 2363 io
1308 2325 1341 2367 re
1360 2305 1577 2374 desiderarentur
1596 2310 1750 2378 auslorita·

131 2400 205 2454 tes;
255 2382 302 2442 oia
323 2381 487 2443 slabilieoda
509 2379 581 2446 soter
610 2378 722 2443 diuersa
740 2377 983 2454 administrandi,
1014 2380 1046 2442 δι
1074 2376 1245 2462 conficiendi
1266 2382 1442 2448 Sacrameori
1475 2387 1573 2452 ratio.
1603 2391 1752 2474 Scriptura

131 2402 358 2535 veleiates,
382 2461 518 2524 Concilia
537 2463 595 2525 &o
617 2458 690 2525 nibil
711 2459 821 2526 deboc
843 2458 968 2522 habent.
1413 2509 1415 2514 .

175 2541 308 2622 Denique
329 2537 422 2604 forma
441 2542 618 2605 Sacramenti
639 2584 649 2618 ,
671 2557 773 2623 utpote
793 2561 811 2602 a
831 2538 946 2603 Chrislo
969 2537 1116 2618 instituta,
1138 2541 1176 2604 eil
1196 2541 1380 2608 emoriatirer
1398 2563 1472 2628 opus
1491 2545 1666 2630 religionis,
1734 2574 1762 2615 r

153 2623 211 2687 uod
233 2622 355 2703 gratiam
375 2667 385 2692 ,
415 2621 446 2685 δι
469 2621 588 2688 salutem
609 2642 626 2684 a
648 2620 711 2688 ileo
732 2618 866 2714 consequi
879 2617 1060 2701 «spettmoss
1080 2622 1110 2684 St
1131 2642 1197 2684 cum
1220 2622 1436 2688 Sacramentum
1458 2626 1492 2691 stt
1506 2623 1749 2724 supemeturae,

186 2699 286 2765 efficax
307 2701 405 2783 gratia
427 2701 536 2784 fignom
549 2747 564 2777 1,
596 2698 692 2763 sorma
712 2705 773 2776 ejus
793 2697 969 2782 sptritualem
991 2699 1167 2764 Sacramenti
1189 2700 1350 2779 effessum,
1382 2722 1415 2770 ut
1434 2725 1575 2788 operam,
1608 2709 1644 2772 fic
1664 2711 1696 2774 ὰ
1716 2712 1749 2774 fi.

132 2781 267 2880 gnificare
288 2782 389 2845 debet.
413 2783 508 2863 Atqui
531 2797 662 2846 nentrum
687 2779 715 2842 in
736 2779 882 2874 ponrraria
901 2780 1041 2862 opinione
1063 2802 1163 2846 rerum
1176 2784 1242 2846 est.
1264 2784 1364 2860 Nam,
1386 2806 1421 2849 ea
1441 2786 1551 2867 posita,
1581 2786 1676 2854 forma
1698 2791 1750 2854 lau.

132 2883 177 2939 rus
197 2862 374 2927 Sacramenti
386 2883 452 2925 ,non
467 2863 513 2928 ,est
534 2861 716 2925 essentialiter
734 2870 811 2943 tipus
832 2858 1002 2939 religionis:
1023 2881 1081 2924 non
1104 2861 1196 2925 solum
1218 2864 1296 2927 enim
1319 2863 1431 2938 verba,
1454 2864 1500 2928 sed
1513 2866 1595 2931 <seila
1610 2913 1623 2944 „
1644 2870 1676 2934 bt
1695 2892 1747 2935 nur

133 2959 181 3007 tos
203 2942 266 3007 sunt
287 2941 381 3008 forma
401 2963 424 3026 ι,
440 2942 520 3006 Hinc
541 2961 610 3006 ante
628 2940 796 3005 Concilium
816 2938 1052 3016 Tridentium,
1084 2940 1115 3004 Sc
1136 2942 1319 3005 nuncetiam
1342 2944 1391 3007 ubi
1411 2947 1579 3011 Concilium
1599 2950 1753 3022 Tricorii..

134 3025 204 3085 num
224 3022 443 3107 promulgatum
465 3024 612 3096 nonesl,
644 3019 784 3101 sponsalia
803 3038 852 3101 per
866 3016 1006 3104 copulam
1037 3019 1180 3083 carnalem
1201 3024 1303 3085 animo
1333 3025 1462 3088 maritali
1489 3024 1565 3094 susle
1594 3031 1752 3095 tranfibane

135 3102 164 3164 in
190 3102 430 3175 matrimonium„
449 3101 484 3169 eir
505 3099 609 3184 copula
631 3099 689 3166 hac
710 3104 772 3181 prat
794 3098 977 3163 matrimonii
1000 3097 1115 3164 forma.
1137 3101 1204 3182 At,
1228 3101 1322 3181 inquit
1342 3102 1518 3171 donimanus
1537 3108 1666 3187 Silvius,
1689 3113 1751 3176 uul-

136 3183 195 3245 lam
216 3182 303 3246 babet
327 3181 448 3264 speciem
479 3166 560 3254 neri,
578 3179 729 3243 vCirrislum
782 3201 813 3244 ro
830 3179 1011 3242 Sacramenti
1045 3177 1139 3244 forma
1158 3180 1307 3256 siatoille,
1337 3188 1416 3279 quod
1440 3206 1498 3249 non
1569 3189 1620 3251 test
1649 3191 1754 3274 absque

136 3263 219 3345 gravi
241 3279 359 3346 peccato
372 3259 460 3336 fieri,
483 3257 577 3341 qualis
597 3278 656 3326 erat
678 3199 842 3336 hojusirodi
863 3259 985 3342 copula,
1008 3280 1088 3338 quta,
1112 3260 1143 3324 δι
1156 3282 1181 3322 a
1201 3259 1260 3324 sola
1280 3260 1398 3326 libidrne
1419 3285 1499 3341 etat,
1523 3319 1526 3329 t
1578 3289 1667 3351 grane
1683 3292 1753 3356 ,pec-

134 3354 260 3418 catum,
292 3349 394 3419 utpote
407 3341 560 3424 ,pertinens
580 3342 615 3404 ad
635 3340 837 3405 claodellinum
862 3339 1111 3416 matrimonium,
1132 3340 1170 3404 ab
1191 3340 1316 3405 Ecclesia
1337 3343 1446 3426 semper
1467 3346 1665 3432 improbatum
1682 3374 1697 3425 ;·
1722 3353 1754 3415 ἃ

158 3423 290 3487 taesertim
313 3423 406 3504 srpro
428 3422 504 3503 signo
524 3419 674 3485 consensus
695 3442 752 3485 uon
773 3421 850 3484 aliud
871 3422 923 3495 sit,
943 3440 1031 3499 qoam
1054 3417 1114 3499 ipsa
1127 3440 1288 3503 corporum
1310 3426 1520 3491 commixtio.
1545 3429 1682 3494 Preterea
1702 3449 1755 3495 nec

135 3443 247 3580 iorma,
279 3502 309 3566 in
332 3493 471 3570 sententia
493 3501 569 3576 illa,
593 3500 770 3585 spiritualem
792 3499 970 3565 Sacramenti
990 3498 1121 3565 emnem
1144 3499 1283 3582 significat
1303 3527 1313 3577 3
1335 3506 1405 3568 Haec
1426 3505 1555 3570 enimin
1579 3509 1614 3573 iis
1644 3510 1695 3573 fita
1716 3509 1759 3576 esi

135 3587 251 3648 verbis:
274 3585 388 3664 Accipio
408 3600 435 3642 re
454 3585 484 3645 irr
504 3604 614 3664 meam:
637 3584 742 3663 accipio
763 3604 791 3644 rr
809 3587 841 3644 r‘rr
862 3603 979 3644 rreum.
1010 3582 1081 3646 Hac
1102 3601 1188 3663 porro
1210 3582 1297 3645 verba
1316 3582 1433 3654 nullum
1450 3585 1631 3671 spiritualem
1651 3587 1754 3672 gratiae

136 3663 268 3731 essenon
291 3662 469 3744 significant:
490 3683 540 3726 nec
560 3681 637 3727 cene
660 3661 750 3743 magis
771 3661 949 3757 significant,
970 3680 1059 3743 qnam
1083 3660 1204 3727 materia
1225 3659 1303 3744 ipsa,
1325 3685 1392 3729 cum
1406 3683 1510 3732 tamen
1525 3669 1682 3752 exprellior
1703 3669 1755 3735 eil'e

137 3747 238 3812 debeat
262 3741 360 3807 sormae
382 3742 569 3825 fignificatio,
613 3762 679 3805 uam
703 3759 848 3806 materia„
991 3810 994 3816 g

172 3825 324 3896 ‚Haslenos
344 3842 513 3905 argumenta
533 3763 698 3905 theiiogice
713 3822 867 3886 innuimus
888 3821 1037 3903 :superesi
1059 3822 1213 3887 aubloritas
1232 3823 1461 3902 Concssiorum,
1483 3826 1514 3890 ἃ
1537 3829 1681 3896 Ριιιιιιιι.
1710 3830 1757 3894 Ex

138 3906 275 3972 Concilio
296 3903 473 3967 Tridentino
488 3902 552 3983 Μ.
569 3926 615 3982 24.
637 3923 738 3986 caper.
760 3906 795 3965 de
815 3904 1017 3982 reformatione,
1037 3903 1096 3966 bare
1115 3902 1274 3967 habemus:
1294 3906 1345 3966 Ad
1365 3906 1568 3971 celebrationem
1587 3909 1759 3974 matrimonii

138 3987 169 4050 r‘rr
187 3989 260 4065 sarie
283 3983 404 4061 Eccsefiae
419 3982 597 4067 procedatur,
620 3983 670 4045 obi
691 3983 852 4058 parochos,
873 3987 962 4057 viro,
986 3983 1025 4046 (θ’
1046 3985 1158 4048 muliere
1178 3983 1381 4067 interrogaris,
1409 3985 1562 4052 ⁴(raonem
1582 4008 1677 4053 merae
1698 4014 1759 4055 m.
1811 3989 1815 3996 ’

132 4066 393 4150 sensnirtrllriio,
413 4065 462 4126 ves
481 4068 580 4128 dieat:
599 4063 669 4145 ,Ego
689 4084 744 4127 nos
765 4062 795 4127 in
809 4061 1039 4128 ‚matrimonium
1061 4066 1207 4145 conjungo
1229 4064 1257 4125 in
1281 4064 1399 4129 nomine
1421 4067 1532 4143 Patris,
1553 4069 1584 4133 br
1606 4069 1705 4148 Filii,
1727 4071 1760 4135 Sc

139 4149 266 4233 Spiritus
287 4145 402 4208 Sancti:
424 4147 474 4207 vel
492 4147 558 4207 aliis
577 4163 672 4206 utatur
690 4142 801 4219 verbis,
819 4147 906 4227 jueta
925 4160 1059 4225 receptum
1079 4146 1291 4240 uniuscujuspue
1306 4148 1456 4228 provincie
1475 4151 1578 4210 ritum..
1600 4151 1676 4218 Satis
1696 4171 1759 4235 per.

140 4221 157 4292 s
174 4230 236 4294 icne
257 4226 358 4309 colligi
379 4226 447 4289 binc
470 4226 602 4303 videtur,
623 4224 808 4292 Sacerdotem
830 4224 881 4290 eil'e
902 4225 986 4299 hujus
1007 4225 1186 4288 Sacramenti
1202 4224 1371 4288 ,mtnislrum
1389 4269 1400 4303 ,
1421 4227 1453 4290 ἀ
1474 4230 1586 4305 uerba,
1607 4243 1671 4312 quae
1693 4251 1759 4309 pro.

140 4250 215 4385 ἔτι,
238 4308 290 4374 esse
312 4307 437 4370 sormam
461 4350 468 4367 .
490 4307 657 4370 Concilium
678 4306 759 4373 enim
783 4324 861 4368 certa
881 4305 969 4386 verba
991 4302 1151 4388 usurpanda
1165 4303 1326 4388 ,praescribit
1346 4351 1355 4381 ,
1378 4308 1424 4371 vel
1445 4308 1504 4372 alia
1522 4313 1605 4383 juxta
1625 4309 1762 4392 cujusque

142 4389 273 4454 Ecclesrae
295 4387 404 4451 ritum.
429 4388 540 4451 Ibidem
560 4385 654 4450 subdit
675 4386 749 4449 hanc
769 4385 996 4468 benediiliopem
1019 4406 1036 4447 a
1055 4385 1178 4468 proptio
1199 4384 1330 4449 Parocbo
1352 4384 1512 4453 sariendam
1535 4389 1613 4453 elle:
1645 4395 1716 4452 irem
1732 4388 1763 4465 li

142 4476 206 4558 ptris
227 4468 392 4546 Parocbnr,
414 4470 463 4530 ves
482 4471 554 4530 alius
573 4467 700 4531 Sacerdos
720 4468 833 4530 alterius
855 4464 990 4527 Parocbiae
1005 4468 1118 4548 sponsor
1134 4464 1194 4541 ssrre
1213 4466 1324 4528 illorum
1346 4468 1464 4530 Parochr'
1484 4473 1598 4533 licentia
1617 4475 1760 4533 matrimo-

140 4558 190 4622 aar'o
204 4552 392 4636 tormen,
423 4569 470 4612 ont
488 4549 647 4614 benedicere
667 4548 878 4634 argstrsfaerir,
905 4549 965 4632 t‘plo
986 4547 1054 4630 jure
1077 4547 1225 4631 suspensus
1253 4568 1362 4612 maneat
1377 4592 1390 4613 0
1419 4547 1507 4616 Plura
1534 4548 1592 4613 alia
1622 4550 1763 4646 concilia¹

447 4651 451 4656 '
576 4651 578 4654 ’
695 4645 698 4652 “
1598 4645 1724 4721 prorrn·¹
1742 4641 1766 4652 ·“
