3984 5284
638 153 807 236 492
1091 126 3199 231 MATRIMONIUM,AR·1·.II.

521 261 698 318 ¹722·
743 238 897 306 Vide
934 238 1014 302 ibi
1093 240 1150 302 in
1213 242 1361 303 dieia
1422 246 1732 307 Luceorien.
1796 245 2095 306 Nullitatis
2193 251 2345 313 NR.
2392 240 2534 301 Non
2577 255 2880 314 tenentur,
2924 239 3062 334 quia
3101 259 3214 301 non
3282 235 3508 301 fuerunt
3568 252 3740 301 extra

510 324 870 385 Matrimonii
898 319 1006 401 sub
1049 319 1143 383 die
1185 324 1283 386 28.
1331 322 1620 386 febnaarii
1643 367 1662 398 ,
1724 324 1803 386 ‹3›
1834 324 1945 403 sub
2002 325 2097 384 die
2176 320 2477 384 Dioecefim
2523 338 2782 400 tempore
2822 319 3005 383 habili
3044 322 3112 382 ad
3154 316 3647 383 contrahendum.

514 402 615 466 28.
659 407 841 464 Mart.
883 401 982 465 uhi
1023 402 1211 468 multa
1248 405 1317 466 ad
1363 424 1527 468 rem.
1586 402 1667 465 Et
1728 402 1955 486 insuper
1993 404 2081 467 vi·
2245 404 2346 464 Au
2390 401 2449 463 in
2492 400 2792 475 Civitate,
2837 399 2900 462 in
2941 420 3058 480 qua
3125 398 3375 472 milites,
3438 396 3732 481 Hispani,
3796 419 3924 481 ¹34

512 483 585 549 de
626 482 1053 557 doOEOEmum,
1098 484 1161 546 δι
1200 481 1638 549 eruditiflimum
1681 483 2081 565 Rigantitom.
2161 480 2512 558 Teutonici,
2558 482 2916 558 Alemanni,
2959 479 3161 554 Galli,
3205 479 3266 542 δι
3304 479 3541 543 aliarum
3604 478 3741 542 lon·

517 585 576 627 2.
617 566 678 628 in
724 566 944 644 Regula
984 568 1140 628 XIV.
1182 565 1553 627 cancellarie
1575 608 1594 642 ,
1640 565 1738 627 ubi
1779 584 1910 627 cum
1951 562 2088 627 clas·
2170 564 2517 646 ginquatum
2563 562 2858 643 regionum
2907 561 3133 625 relidere
3153 559 3368 636 solent,
3415 558 3560 622 idem
3589 578 3741 635 curn

508 645 633 708 ficis
679 645 1025 709 Ductoribus
1064 642 1287 709 abunde
1324 645 1517 724 quoad
1568 644 1774 709 omnia
1811 645 1885 709 ad
1924 665 2047 709 rem
2071 686 2088 706 .
2164 644 2302 739 'ipfis
2341 642 2409 706 fit
2452 640 2830 718 servandum,
2889 642 2983 708 vel
3049 640 3292 706 sufficiat
3360 640 3747 720 probationes

283 794 296 811 ,
507 726 664 790 Vide
705 724 865 791 verb.
907 726 1260 806 Dispensario
1284 727 1758 789 Matrimonium.
2161 746 2221 787 tn
2266 722 2386 807 ipsa
2427 723 2689 789 Civitate
2731 723 2979 807 recipere
3016 726 3087 787 de
3127 740 3323 787 eorum
3367 722 3515 784 statu
3572 740 3609 783 a
3647 736 3747 784 te-

359 830 478 891 ¹²9
537 857 549 861 -
597 806 854 871 Salutate
908 806 1142 887 quidem
1214 807 1289 871 est
1353 806 1659 871 Decretum
1706 851 1726 882 ,
1786 826 1906 888 quo
1965 802 2084 870 fere
2160 806 2334 869 stibus
2374 803 2621 885 ipsarum
2665 824 2725 868 re
2765 803 2966 867 ‘onum
3009 806 3076 867 de
3124 803 3360 899 negotio
3385 800 3641 867 edoEiis?

509 909 714 955 omnes
770 885 1046 971 Episcopi
1106 885 1411 972 prohibent
1450 933 1470 964 ,
1532 907 1602 950 ne
1664 905 1800 951 ante
1855 906 2083 949 contra·
2243 896 2332 952 R.
2372 887 2671 949 Tenentur
2751 904 2907 949 acere
2962 885 3331 966 probationes
3388 885 3557 956 iuxta
3617 880 3743 943 for·

502 971 661 1032 flum
705 968 1169 1032 Matrimonium
1212 967 1458 1051 Sponsus
1519 968 1580 1029 in
1639 989 1797 1041 una,
1858 967 2082 1031 eadem·
2165 987 2323 1028 mam
2368 965 2798 1043 Instrufiionis,
2841 964 2980 1048 quia
3017 966 3104 1029 issi
3162 964 3387 1029 facilius
3443 963 3740 1027 commit·

500 1071 615 1133 que
653 1048 833 1113 domo
873 1069 1008 1112 curn
1050 1047 1253 1131 sponsa
1293 1048 1520 1111 habitet
1576 1066 1818 1131 propter
1857 1048 2076 1131 pericu·
2161 1064 2299 1111 tunt
2343 1045 2744 1128 Polygamiam
2778 1088 2794 1108 .

500 1132 627 1194 lum
666 1130 942 1205 evidens,
987 1151 1060 1191 ne
1104 1129 1255 1193 inter
1311 1128 1535 1193 eosdem
1598 1126 1831 1211 sponsos
1871 1148 1941 1191 co
1983 1128 2082 1190 ula
2243 1128 2344 1189 An
2407 1124 2553 1188 faeia
2592 1146 2691 1210 per
2733 1124 3054 1190 Parochum
3102 1123 3428 1190 monitione
3465 1124 3732 1188 Ordina·
3783 1147 3881 1210 ¹33

403 1233 412 1243 ·
498 1210 783 1277 habeatur
822 1226 958 1273 ante
999 1208 1384 1273 Matrimonii
1406 1208 1892 1281 celebrationem3
1999 1229 2078 1271 on
2152 1208 2250 1270 rio
2289 1206 2629 1271 contrahere
2693 1206 2987 1284 volentis,
3048 1204 3182 1271 fides
3235 1208 3413 1269 ssatus
3469 1205 3735 1279 ejusdem

499 1308 701 1356 tamen
761 1290 818 1352 id
879 1288 1172 1371 prohiberi
1230 1290 1411 1371 potest
1474 1289 1574 1352 sub
1631 1309 1804 1369 poena
1860 1289 2073 1370 stupri,
2160 1288 2227 1350 fit
2266 1289 2342 1351 ab
2381 1287 2578 1352 eodem
2626 1287 2922 1365 Patocho‚
2963 1284 3059 1353 vel
3125 1308 3163 1353 a
3220 1286 3559 1351 contrahere
3618 1308 3735 1352 vo-

501 1371 591 1437 sed
632 1369 1043 1435 tantummodo
1085 1369 1185 1433 sub
1224 1390 1405 1453 poena
1466 1369 1709 1434 arbitrio
1767 1368 2070 1431 Ordinarii
2151 1369 2304 1433 lente
2349 1372 2730 1449 reportanda?

499 1450 847 1533 infligenda,
908 1468 974 1514 ut
1035 1450 1125 1515 res
1201 1450 1370 1513 ndiss’e
1431 1452 1661 1514 Sacram
1737 1452 1867 1515 Con
1939 1470 2067 1531 ega·
2229 1460 2319 1514 Bt.
2379 1451 2637 1514 Tenetur
2696 1449 2865 1514 fidem
2930 1466 3217 1530 reportare
3250 1493 3268 1526 ,
3332 1448 3395 1513 δι
3459 1447 3728 1514 Parocho

496 1534 723 1597 tionem
767 1532 1024 1594 Concilii
1154 1530 1398 1614 piscopis
1459 1528 1777 1595 Provincia:
1920 1530 2070 1593 edio·
2154 1530 2479 1612 consignare
2521 1530 2598 1606 is,
2643 1532 2742 1611 qui
2789 1530 2917 1595 vult
2971 1530 3429 1593 Matrimonium
3488 1546 3726 1594 contra-

492 1613 735 1677 lanenfis
777 1608 944 1676 refert
988 1612 1320 1676 Benedictus
1358 1612 1531 1673 xlv.
1572 1611 1641 1672 de
1679 1609 1892 1692 synodo
1910 1613 2070 1675 Dioe·
2152 1610 2322 1684 here;
2366 1609 2457 1675 sed
2496 1610 2574 1674 est
2638 1611 2695 1673 in
2759 1611 3026 1677 libertate
3084 1610 3331 1676 Parochi
3390 1610 3726 1686 hujusmodi

493 1700 686 1773 cesana
727 1692 835 1754 tib.
864 1714 957 1754 12.
999 1710 1120 1775 cap.
1146 1698 1204 1755 6.
1248 1714 1401 1756 nunt.
1426 1714 1484 1773 3.
1529 1691 1656 1754 ibi:
1720 1698 1849 1754 Non
1877 1692 2060 1773 posse,
2145 1713 2291 1756 onus
2333 1693 2390 1754 in
2438 1690 2493 1755 se
2532 1692 2838 1756 assumere.

478 1775 589 1856 sed
625 1774 815 1837 ambos
908 1777 1095 1838 avim
1129 1771 1367 1839 arbitrio
1406 1775 1706 1837 ordinarii
1762 1772 2062 1836 duntaxat
2226 1774 2326 1837 An
2371 1772 2579 1837 eaedem
2622 1773 2988 1857 probationes
3026 1771 3133 1836 (int
3191 1769 3474 1839 servandae
3513 1772 3572 1836 in
3615 1795 3717 1838 ca·
3774 1781 3889 1861 136

487 1856 593 1938 effe
619 1858 792 1940 punie
865 1879 926 1918 os
952 1896 972 1917 .
2145 1846 2207 1916 su
2247 1852 2626 1928 necessitatis,
2662 1853 2725 1915 δι
2781 1853 2857 1917 ab
2916 1852 3286 1919 existentibus
3346 1854 3400 1915 in
3453 1855 3715 1920 articulo

1267 1943 1284 1965 ¹
2146 1935 2390 2009 mortis,
2435 1934 2508 1996 fic
2546 1932 2885 1997 contrahere
2925 1932 3297 2012 volentibus,
3341 1933 3490 1998 intra
3523 1956 3710 2016 quem

483 2014 689 2081 ‘Dubia
731 2017 940 2098 aliquot
980 2021 1131 2081 eirca
1166 2037 1470 2081 exterorum
1530 2020 1909 2080 Matrimonia
1946 2038 2069 2083 eum
2150 2011 2364 2077 scilicet
2406 2014 2781 2097 probabiliter
2822 2033 2936 2076 non
2983 2014 3121 2078 adfit
3162 2033 3392 2096 tempus
3418 2014 3715 2081 sufficiens

684 2096 1105 2183 responsionibus
1138 2103 1320 2163 snm
1385 2101 1873 2182 congregationis.
2149 2092 2396 2159 faciendi
2437 2093 2814 2175 diligentias:
2859 2096 3012 2158 Cum
3058 2096 3170 2159 hoc
3211 2096 3427 2170 etiam,
3468 2098 3626 2177 quod
3667 2098 3717 2160 fi

2146 2175 2409 2239 infirmus
2450 2174 2599 2240 forte
2637 2174 3032 2251 convaluerit,
3092 2176 3335 2241 debeant
3392 2175 3520 2239 fieri
3579 2176 3715 2239 dili·

330 2276 449 2344 130
569 2257 823 2323 Ordines
864 2257 1080 2323 ultimo
1120 2255 1255 2321 loco
1294 2258 1372 2322 ab
1410 2254 1570 2319 Urbe
1610 2260 1868 2323 emanati
1908 2260 2065 2332 circa
2143 2256 2391 2353 gentiae,
2433 2260 2600 2329 iuxta
2646 2255 3117 2337 Instruaionem,
3161 2275 3470 2341 autequam
3540 2258 3712 2322 fimul

479 2334 882 2402 Matrimonia
922 2357 1057 2401 cum
1120 2338 1330 2402 exteris
1388 2338 1783 2402 contrahenda
1824 2383 1842 2414 ,
1907 2342 2060 2405 inter
2139 2352 2493 2403 conveniant
2521 2380 2537 2399 .

474 2417 596 2482 alia
635 2416 986 2500 disponunt,
1031 2418 1188 2499 quod
1228 2417 1525 2482 ordinarii
1568 2419 1904 2503 precipiant
1922 2439 2052 2483 om-
2215 2427 2306 2483 δι.
2348 2421 2494 2483 Non
2537 2416 2665 2484 sunt
2709 2417 2988 2484 servandae
3029 2417 3090 2482 in
3149 2414 3399 2482 articulo
3461 2417 3712 2484 mortis.

474 2498 649 2562 nibus
673 2542 695 2575 ,
739 2499 802 2561 δι
843 2498 1075 2580 singulis
1116 2498 1390 2563 parochis
1432 2500 1492 2560 in
1536 2520 1735 2563 eorum
1782 2499 2052 2565 Dioecefi-
2216 2501 2317 2561 An
2388 2496 2710 2580 requiratur
2766 2500 3061 2566 attestatio
3118 2502 3340 2585 proprii
3397 2500 3708 2564 ordinarii
3759 2522 3871 2585 137

474 2578 583 2643 bus
624 2577 1135 2656 existentibussut
1175 2598 1283 2664 pro
1326 2578 1739 2644 Matrimoniis
1779 2601 1912 2643 cum
1955 2606 2048 2668 eg·
2134 2598 2239 2661 pto
2281 2579 2525 2655 exteris,
2566 2582 2668 2661 qui
2713 2601 2814 2662 per
2868 2582 3063 2645 decem
3125 2600 3309 2645 annos
3344 2625 3364 2656 ,
3430 2583 3495 2644 δι
3554 2582 3715 2645 ultra

470 2661 612 2724 tetis
650 2656 1060 2732 contrahendis
1092 2703 1112 2735 ,
1180 2682 1294 2724 non
1356 2660 1570 2724 faciant
1629 2659 2052 2743 publicationes
2137 2657 2503 2723 domicilium
2547 2662 2926 2743 acquifierunt
2969 2662 3027 2723 in
3074 2661 3244 2739 loco,
3291 2661 3390 2724 ubi
3417 2661 3706 2745 suntMa-

470 2738 539 2802 in
585 2760 785 2805 eorum
834 2740 1098 2805 Ecclefiis
1126 2785 1144 2816 ,
1190 2742 1289 2802 nifi
1334 2742 1650 2805 certiorato
1689 2741 2044 2819 Ordinatio,
2129 2740 2476 2805 trimonium
2520 2742 2905 2820 contrafiuri,
2968 2743 3008 2804 fi
3067 2763 3262 2807 eorum
3325 2744 3501 2807 simus
3562 2744 3706 2807 iiber

465 2840 717 2966 2335.
740 2819 1905 2966 ‘'5223‘ss,3323532212W‘52‘2‘22„2“⁰⁸
1934 2842 2046 2968 „254
2132 2842 2170 2905 Ρ
2174 2822 2751 2966 3325‘22333251‘3‘2
2790 2822 2899 2888 ¹³⁶²
2940 2824 3178 2906 ‘'³³⁰⁰‘’
3219 2840 3347 2888 ‘²¹¹²
3406 2824 3696 2906 ⁰¹³⁸³¹²³⁵'

460 3000 573 3078 pro
611 2981 717 3045 tali
776 2982 1173 3046 Matrimonia
1230 2980 1445 3046 fuerint
1501 2922 1828 3045 examinati,
1879 2923 2044 3050 tqe‘fles
2128 2925 2167 2986 q
2202 2994 2292 3048 Bt.
2338 2985 2716 3065 Requiritur.

466 3082 531 3124 tn
574 3082 773 3127 eorum
816 3062 1160 3138 Tribunali,
1221 3064 1325 3147 qui
1384 3061 1632 3146 probant
1690 3064 1899 3128 ilatum
1969 3066 2036 3127 li·
2202 3067 2301 3127 An
2347 3066 2669 3160 requiratur
2708 3062 2858 3134 dista
2896 3065 3190 3132 attestatio
3273 3088 3339 3130 ro
3400 3067 3524 3131 lliis
3579 3071 3865 3152 ex-*138

465 3142 666 3209 berum
709 3141 1049 3208 contrahere
1090 3139 1458 3207 volentium.
2127 3145 2303 3219 teris,
2343 3164 2448 3227 qut
2489 3146 2758 3223 unicam,
2815 3147 2908 3213 vel
2977 3148 3166 3230 plures
3262 3165 3499 3212 uxerunt
3533 3193 3553 3226 ,
3618 3149 3685 3211 δι
3730 3145 3734 3153 ’

310 3242 419 3306 ¹31
545 3223 873 3301 Quaeritur,
917 3243 991 3286 an
1036 3222 1122 3284 illi
1167 3245 1237 3286 ex
1283 3222 1633 3288 Dioecefibus
1671 3223 2042 3290 circumvici-
2122 3243 2401 3302 econtra,
2439 3226 2479 3288 fi
2522 3245 2762 3290 mortuae
2802 3225 3013 3292 fuerint
3055 3229 3116 3290 in
3182 3228 3350 3302 loco,
3406 3228 3500 3291 uhi
3565 3225 3680 3293 ire·-

462 3300 552 3367 nis
576 3344 596 3379 ,
640 3304 703 3366 δι
743 3303 846 3385 ipsi
888 3321 1196 3370 teneantur
1250 3303 1397 3368 tales
1458 3302 1826 3386 probationes
1889 3305 2034 3370 face·
2118 3324 2246 3369 rum
2293 3306 2753 3371 Matrimonium
2814 3309 3151 3374 contrahere
3210 3310 3512 3374 defiderant
3546 3353 3565 3383 ,
3612 3329 3685 3373 ac

465 3404 565 3446 re:
611 3384 713 3447 An
755 3405 899 3448 vero
943 3382 1182 3448 sufficiat
1224 3382 1361 3446 fides
1421 3383 1926 3448 denunciationum
1973 3388 2031 3450 in
2115 3386 2367 3471 amplius
2405 3389 2529 3470 post
2570 3405 2821 3453 mortem
2863 3411 2900 3452 a
2941 3389 3096 3454 disto
3135 3389 3269 3455 loco
3327 3410 3446 3455 non
3486 3385 3691 3454 disces-

455 3482 660 3526 eorum
706 3463 1054 3530 Dioecefibus
1094 3463 1368 3529 faflarum
1413 3485 1544 3527 curn
1587 3463 1880 3546 legalitate
1915 3470 2031 3529 Or·
2117 3464 2353 3532 serunt?

452 3541 702 3620 dinarii,
746 3544 807 3607 &
851 3544 1119 3626 probatio
1164 3565 1362 3611 eorum
1403 3546 1577 3609 ssatus
1634 3546 1761 3629 post
1827 3545 2028 3614 disces·
2188 3556 2279 3615 R.
2322 3549 2658 3632 Requiritut
2775 3548 2948 3616 riter.

457 3620 582 3686 sum
626 3623 701 3687 ab
743 3624 860 3716 ipsa
907 3623 1148 3721 Diczceii
1177 3671 1194 3689 .
1685 3703 1700 3721 ⁶
2201 3631 2328 3725 {ias
2366 3629 2588 3695 easdem
2634 3654 2688 3696 re
2717 3634 3011 3726 ponsiones
3052 3631 3221 3698 habet
3264 3632 3535 3716 Synodus
3577 3633 3693 3698 130-

536 3714 626 3771 R.
671 3703 1018 3778 Huiusmodi
1062 3707 1348 3771 habentur
1385 3726 1493 3789 pro
1520 3718 1764 3783 extem,
1810 3706 2027 3775 &cona
2110 3727 2344 3775 nomen.
2374 3718 2550 3792 1⁶99·
2572 3714 2762 3795 Typxs
2782 3713 2937 3776 edita
2958 3715 3016 3776 in
3039 3715 3381 3798 Appendice
3400 3734 3687 3795 pag.230.¹

460 3782 748 3863 sequenter
790 3802 1057 3851 tenentur
1097 3788 1468 3869 probationes
1527 3787 1744 3851 facere.
2190 3787 2276 3856 Et
2319 3813 2449 3855 curn
2493 3792 2703 3869 dubio,
2747 3814 2813 3856 ac
2858 3792 3209 3877 responsione
3267 3811 3482 3876 quarto
3541 3815 3686 3857 con-

307 3887 412 3943 1232
544 3867 688 3927 Item
736 3887 807 3959 affin
870 3868 1207 3934 contrahere
1263 3867 1526 3933 volentes
1587 3869 1648 3931 in
1707 3869 2027 3940 confinibus
2108 3863 2313 3935 sonant
2355 3872 2735 3969 responfiones
2777 3874 2956 3936 Sacrae
3021 3876 3379 3957 Congregat.
3441 3875 3687 3939 Concil.

456 3967 652 4007 :nrum
704 3947 971 4013 Dtoecefis
1010 3947 1380 4026 habitantes,
1423 3950 1490 4011 δι
1526 3948 1608 4015 ob
1647 3940 2021 4018 vicinitatem
2103 3951 2250 4016 datae
2291 3950 2482 4018 dubins
2521 3954 2861 4049 propontis,
2909 3955 2971 4018 δι
3012 3955 3086 4019 ab
3125 3958 3322 4019 eadem
3365 3955 3495 4018 Sac.
3519 3957 3683 4019 Con-

452 4027 524 4087 nb
572 4047 768 4087 eurum
811 4024 1146 4094 Refloribus
1203 4030 1481 4112 cogniti,
1541 4047 1847 4096 teneantur
1900 4036 2016 4099 eas·
2099 4051 2319 4130 gregat.
2365 4032 2432 4097 In
2481 4035 2760 4098 unitionis
2804 4032 3043 4099 remissis
3083 4057 3142 4116 7.
3215 4040 3426 4099 Martii
3496 4040 3674 4112 1694.

448 4111 604 4199 ιιΙετιηΙ
640 4107 819 4170 facere
877 4109 1245 4193 probationes
1283 4134 1301 4182 3
1359 4113 1460 4174 An
1522 4131 1663 4177 vero
1732 4111 2017 4182 sufficiant
2097 4114 2256 4189 Quia
2297 4113 2458 4198 Cape
2484 4113 2600 4177 lani
2643 4116 2925 4179 exercitus
2966 4118 3077 4182 fine
3136 4116 3376 4180 Indulto
3418 4117 3674 4199 Aposto-

448 4191 870 4267 publicationes
907 4189 982 4253 ab
1027 4189 1157 4275 ipfis
1200 4191 1507 4256 refioribus
1546 4190 1853 4258 faciendae?
2102 4194 2218 4260 lico
2261 4195 2589 4268 hujusmodi
2635 4195 3041 4261 Matrimoniis
3081 4196 3321 4260 assislere
3383 4218 3500 4259 non
3543 4194 3671 4278 pos·

524 4279 608 4331 Fr..
660 4271 853 4331 Etiam
901 4270 987 4333 isli
1030 4288 1294 4337 tenentur
1358 4268 1543 4338 facere
1599 4274 2013 4355 probationes.
2099 4273 2226 4338 sunt
2255 4302 2280 4352 ,-
2328 4278 2411 4340 Et
2452 4298 2806 4357 quamquam
2855 4276 2966 4340 hoc
3009 4278 3306 4342 Indultum
3337 4322 3357 4353 ‚
3402 4277 3669 4359 aliquan·

293 4371 396 4427 μς
528 4355 624 4411 fin
672 4347 885 4414 easdem
932 4366 1235 4416 teneantur
1275 4348 1458 4416 facere
1514 4354 1882 4435 probationes
1927 4358 2009 4435 ii,
2094 4357 2170 4419 do
2204 4357 2604 4441 Principibus,
2651 4360 2712 4420 δι
2771 4358 3025 4439 Regibus
3084 4358 3409 4426 Catholicis
3464 4378 3674 4421 conce·

448 4431 544 4519 qni
592 4451 724 4491 ante
764 4447 989 4525 atatem
1036 4431 1290 4493 nubilem
1336 4435 1621 4514 apropria
1644 4433 1882 4499 Dioecefi
1923 4439 2007 4500 di·
2090 4437 2295 4513 datur,
2341 4437 2484 4501 illud
2526 4455 2720 4501 tamen
2765 4438 3023 4521 expediri
3067 4437 3208 4504 solet
3267 4461 3399 4502 cum
3446 4437 3672 4502 clausu-

444 4511 760 4583 πράξητε-ς,
803 4512 875 4573 ad
915 4509 1090 4605 altam
1137 4510 1188 4573 se
1249 4512 1653 4590 contulerunt,
1717 4516 1779 4577 δι
1837 4516 1894 4578 in
1939 4540 2009 4582 ea
2090 4516 2183 4593 la,
2225 4520 2381 4600 quod
2423 4518 2723 4602 Capellani
2786 4520 3066 4583 exercitus
3125 4520 3528 4584 Matrimonia
3587 4518 3671 4582 fa·

440 4591 552 4671 post
568 4595 796 4651 nautium
843 4591 1292 4657 habitaverunt?
2082 4598 2276 4679 ciant,
2323 4600 2384 4664 δι
2422 4601 2792 4666 Sacramenta
2834 4600 3194 4679 ministrent,
3239 4605 3300 4665 δι
3360 4602 3674 4667 conferant

3407 4685 3576 4746 dum-
