3984 5284
517 135 1339 230 Llsstttultotttutuu
1600 142 1646 245 38

139 245 477 332 miuariumaupellant3
500 271 602 319 certus
623 259 770 331 preterea
793 251 919 319 consul·
955 241 1077 328 stimet',
1099 256 1212 317 tertius
1222 250 1354 327 eligatur
1362 261 1488 325 censor,
1507 246 1559 314 col
1581 171 1743 325 suggesto

138 354 239 403 rorum
248 347 406 409 numerus,
430 336 537 410 quiex
559 351 686 411 utroque
707 333 801 399 clero
823 352 919 399 saecu·
955 336 1234 412 priorumnomin‘e,
1248 349 1513 429 utraquecensuta
1537 335 1744 398 communice-

138 418 213 490 lari,
234 431 267 475 ac
277 411 402 488 regulari
411 431 620 495 assumuntur3
639 415 690 478 alii
700 412 824 478 demum
844 433 921 491 prae·
955 432 1023 479 rur.
1040 412 1138 488 Hujus
1148 429 1247 475 autem
1257 411 1381 485 relatio,
1402 412 1428 473 si
1451 431 1469 472 a
1489 412 1592 484 priore
1613 407 1745 473 consul·

136 512 263 562 stantes.
281 491 413 558 doctrina
440 497 528 569 riri,
550 499 599 572 qui
636 517 653 557 a
680 497 922 574 congregatione
954 512 1057 559 torum
1068 495 1289 556 sententianon
1299 482 1440 563 abludat,
1455 487 1746 552 Cardinalibus'im·

135 578 226 655 jussi,
258 570 297 637 de
324 573 409 638 libris
425 592 583 637 censuram
611 576 797 649 instaurant,
826 576 923 650 iisque
953 571 1085 638 mediate
1107 573 1367 643 communicetur,
1388 571 1515 644 otiosi,
1536 564 1746 645 quodoppnr·

134 650 505 744 Qualilicatorumnomen
527 651 660 717 ributrm
680 671 738 718 est.
761 658 812 719 De
832 655 923 716 variis
958 671 1065 719 turtum
1088 648 1182 715 fuerit
1201 648 1386 727 decernant,
1417 651 1463 712 sin
1487 651 1608 722 minus,
1628 650 1745 713 iterum

136 739 166 800 in
188 730 314 809 praelata
335 733 597 810 Congregatione,
627 736 724 808 iisque
743 735 925 810 gravissimis
958 730 1321 806 Consultores,petspedla
1332 731 1425 791 tertia
1435 748 1560 793 censura
1569 722 1745 805 suffragium

135 814 226 881 mbos
237 817 357 890 agitur,
378 817 523 889 inprimis
533 831 636 876 autem
659 814 696 876 de
717 816 814 878 causis
837 809 925 886 lidei,
958 811 1080 891 ferant3
1101 807 1495 887 idequeunacumomnibus
1511 804 1645 885 praefatis
1666 807 1748 872 rela·
1780 868 1783 873 .

134 893 217 959 aede
227 895 360 968 personis
372 894 493 958 violatae
515 892 671 972 religionis
690 895 768 957 reis.
792 898 835 957 llt
856 911 926 955 cum
960 894 1109 963 tionibus,
1126 887 1541 962 Cardinalibusexhibeatur,
1558 890 1629 966 qui,
1648 889 1747 966 regitat

137 974 250 1039 librum
269 972 400 1050 aliquem
409 971 444 1036 ad
463 992 548 1048 eam,
570 988 710 1049 tanquam
729 974 927 1049 proscriptio·
961 989 1075 1036 mature
1084 987 1245 1048 perpensa,
1265 965 1305 1033 de
1314 970 1520 1033 controuersia
1529 966 1658 1046 denique
1679 989 1747 1044 pto·

137 1053 325 1130 nediguum,
345 1049 653 1131 deferricontigerit:
672 1055 728 1116 nisi
749 1051 786 1116 ad
811 1050 927 1116 indicis
962 1048 1748 1136 nunciaredebelsunt.Quotiescumqueauteml’on·

135 1134 476 1213 Congregationem,ut
486 1129 550 1198 lieri
572 1130 747 1209 plerumque
766 1132 861 1206 solet,
883 1132 928 1206 iu·
963 1128 1061 1207 tifex,
1091 1127 1139 1193 vel
1167 1130 1208 1194 uls
1235 1131 1300 1203 rei,
1327 1128 1365 1194 de
1394 1150 1449 1207 qna
1478 1131 1508 1191 in
1531 1126 1610 1192 libro
1629 1133 1745 1206 agitur,

139 1210 305 1278 dicandum
326 1216 487 1288 remittat,
514 1211 565 1278 sed
588 1231 642 1289 pro
665 1229 787 1286 rerum,
811 1228 929 1287 tempo·
960 1215 1162 1291 grauitatem,
1185 1207 1231 1272 uel
1242 1213 1308 1286 quia
1318 1210 1347 1272 id
1369 1209 1499 1274 aruntis
1519 1211 1650 1284 merito,
1669 1209 1748 1274 aliis-

139 1313 268 1373 rumque
277 1293 458 1374 rationesibi
467 1291 504 1356 de
521 1292 577 1355 illo
597 1290 840 1368 cognoscendum
861 1309 928 1357 esse
961 1313 1019 1372 que
1038 1293 1277 1354 circumstantiis
1298 1287 1493 1354 tribuendum
1514 1307 1655 1364 censeat,
1677 1287 1748 1355 libri

139 1374 329 1452 arbitretut3
356 1377 420 1437 Nos
447 1369 631 1437 inlaaereotes
660 1369 788 1437 decreto
809 1373 871 1434 lato
892 1372 928 1436 ab
962 1369 1376 1450 judiciumcoramseipsoin
1392 1374 1638 1449 congregatione
1661 1364 1747 1438 feriae

137 1451 247 1520 eadem
273 1454 516 1531 congregatione
541 1446 618 1513 feria
646 1467 751 1526 quarta
783 1450 928 1517 Kalendis
961 1446 1458 1530 qulntaelsabtndumdecreretit,
1479 1451 1674 1528 quodsaepea
1695 1474 1749 1517 no·

135 1534 208 1615 lulli
228 1537 297 1598 anni
323 1532 475 1596 millesimi
504 1533 763 1608 septingentesimi
787 1534 928 1607 quinqua·
960 1525 1124 1596 bisfadlunr
1143 1524 1218 1604 fuit,
1238 1525 1274 1593 dt
1295 1534 1413 1606 quoties
1436 1534 1479 1594 ita
1499 1528 1645 1606 expedire
1668 1531 1747 1607 judi·

48 1629 54 1680 s
137 1617 266 1694 gesimi,
285 1629 400 1689 atquea
421 1610 505 1673 nobis
526 1606 705 1674 confirmato
723 1606 800 1673 l‘eria
821 1613 927 1687 quinta
959 1612 1113 1684 cabimss,
1132 1613 1467 1688 ingrosterumquoque
1486 1606 1559 1683 fiet,
1582 1627 1654 1673 tunc
1675 1615 1748 1677 satis

138 1699 337 1768 insequente,
358 1688 537 1755 lactatione
549 1732 558 1763 ,
578 1685 925 1768 &methodojudicium
960 1684 1374 1765 fueriterltiberel’ontifici,
1391 1687 1427 1755 dt
1447 1686 1656 1755 Cardinalious
1677 1691 1747 1757 libri

137 1772 261 1836 institui
282 1767 474 1834 mandamus.
674 1785 678 1794 ’
730 1799 735 1814 ¹
898 1799 901 1808 ¹
959 1763 1747 1850 censuras,'&consultorumsullragla,omissoexa·

179 1847 208 1931 §.
227 1874 256 1921 4.
275 1841 377 1912 l’rimo
398 1853 538 1915 nimirum
562 1852 612 1913 uni
641 1869 679 1914 er
703 1848 925 1939 Quallficatori-
961 1846 1543 1928 minecnngregariontsferlaeqnartae,
1564 1850 1630 1924 ejus
1673 1870 1748 1915 ere-

136 1931 211 2006 lsus,
231 1929 564 1994 autCon'sultoribusa
583 1932 826 2009 congregatione
847 1932 925 1996 desi·
962 1933 1096 2004 latione,
1119 1927 1630 2008 quamoerAssessoremPontilici·
1661 1932 1747 1997 cien-

139 2009 279 2090 grando,
301 2007 378 2072 liber
395 2001 556 2086 tradatur,
571 2027 660 2084 quern
682 2014 709 2072 is
725 2027 846 2076 attento
865 2015 928 2076 ani·
961 2009 1190 2096 damdirimus,
1212 2030 1280 2073 nam
1299 2008 1505 2073 cardinalium
1527 2004 1674 2087 suffragiis
1694 2029 1749 2074 co-

133 2114 187 2156 mo
208 2088 316 2166 legat,
338 2107 372 2151 ac
395 2085 560 2167 diligenter
580 2087 752 2169 expendat3
772 2107 838 2153 tum
857 2109 929 2153 cen·
953 2094 1098 2168 ramipso
1118 2085 1263 2153 onorifice
1280 2084 1432 2164 detrudis,
1453 2106 1543 2166 atque
1563 2088 1651 2165 liujus
1672 2089 1746 2155 deli·

137 2190 241 2237 suram
252 2189 335 2233 suam
344 2171 458 2243 scripto
472 2171 649 2244 consignet,
669 2169 745 2234 locis
769 2169 930 2243 indicatis,
964 2174 1060 2234 nltlva
1080 2169 1253 2243 sententia,
1281 2167 1329 2231 nel
1350 2167 1410 2232 alie
1429 2185 1597 2244 opportuno
1618 2170 1746 2237 connlio

132 2251 171 2316 ἃ
184 2251 319 2327 paginis,
339 2246 489 2325 inquibus
511 2251 606 2312 notati
629 2267 752 2314 errores
773 2252 928 2314 contineo-
954 2248 1109 2313 ‘ineadem
1129 2249 1374 2327 Congregatiooe
1392 2249 1539 2325 capiendo
1549 2292 1559 2325 ‚
1578 2268 1627 2315 res
1646 2251 1748 2316 absol·

45 2337 48 2354 '
134 2351 206 2398 tut.
230 2334 306 2394 Mox
329 2327 408 2392 liber
427 2339 496 2392 com
517 2326 831 2394 animadversionibus
850 2333 927 2394 sevi·
961 2347 1068 2393 vetur.
1332 2359 1336 2368 =

46 2481 48 2485 ,
136 2405 263 2479 sorisad
272 2408 404 2485 singulos
425 2408 624 2473 Consultores
645 2411 804 2485 mittatur,
826 2412 874 2487 qui
896 2413 927 2473 in
982 2405 1028 2492 d.
1049 2418 1077 2475 6.
1101 2408 1666 2487 Alteraquoqueindiciscongregatio
1683 2412 1746 2487 plu-

136 2493 386 2566 congregatione
406 2509 461 2565 pro
483 2507 568 2554 mort
588 2487 721 2551 habenda
731 2490 859 2567 singulis
883 2485 929 2553 fe·
955 2485 1511 2564 rescomplectiturcndinslesipsia
1534 2485 1676 2554 Pontilice
1696 2493 1746 2554 ad·

138 2567 609 2636 riissecundisinaedibussaodli
631 2564 752 2646 officit,
772 2569 812 2631 de
832 2569 931 2645 libro,
963 2572 1109 2643 scriptos,
1130 2565 1237 2633 iisdem
1259 2589 1296 2634 ue
1317 2567 1437 2634 dotibus
1460 2566 1620 2644 praeditos,
1640 2569 1746 2647 quibus

136 2648 400 2718 &consultorum
410 2643 556 2725 suffragiis
577 2646 614 2712 ad
636 2641 813 2713 cardinales
834 2666 930 2714 trans·
959 2643 1163 2715 'stndlioffitii
1176 2587 1356 2715 Cardisales
1377 2647 1492 2724 pollere
1513 2649 1630 2714 solent:
1654 2669 1745 2727 quum

136 2735 299 2803 mittatur,
319 2745 355 2792 ut
375 2727 404 2791 hi
428 2731 458 2790 in
481 2731 743 2806 congregatione,
766 2748 833 2805 ooae
852 2725 928 2793 feria
962 2732 1168 2794 eriameorum
1192 2728 1302 2807 aliquos
1324 2733 1354 2793 in
1377 2746 1504 2806 utraque
1526 2733 1746 2808 Gongrcgatioa

141 2805 358 2888 quartaltaberi
373 2807 452 2873 solet
477 2811 506 2870 in
526 2812 667 2894 Fratrum
688 2808 928 2874 predicatorum
964 2810 1108 2892 stlocum
1124 2807 1236 2874 labere
1251 2813 1424 2886 contingat.
1445 2813 1490 2874 Er
1514 2813 1551 2873 iis
1571 2831 1646 2873 unos
1666 2811 1744 2886 ejus·

51 2955 55 2962 ,
137 2887 527 2956 coenooiosanuaetuariae
545 2906 636 2964 supra
659 2892 927 2952 Mineruamuun-
961 2888 1033 2952 dem
1061 2885 1484 2965 congregationotrefeuus
1508 2890 1634 2955 existit:
1662 2895 1744 2956 Assi-

136 2984 271 3043 cupato,
289 2964 834 3039 detotaredelinitiveornouncisnt.
855 2970 927 3030 Post
961 2984 1299 3046 srensreroperpctuus
1309 2987 1355 3036 est
1365 2973 1609 3048 Magisttrracrii
1621 2970 1742 3036 Palatii:

137 3050 346 3113 abAssessore
364 3050 441 3108 santi
462 3042 561 3136 Oliicli
584 3046 648 3113 aua
672 3049 774 3108 omnia
788 3043 827 3106 ad
850 3050 928 3110 Pou-
955 3049 1269 3127 *uerendusautenn
1289 3051 1410 3128 aprima
1430 3053 1679 3128 congregationis
1699 3056 1746 3115 in-

136 3122 457 3200 tificemreferantur,
475 3123 927 3203 mturarurriojndrcumom-
955 3130 1459 3207 ‘stitutioneusqueinpraesentem
1482 3125 1582 3206 diem,
1602 3150 1641 3194 ex
1662 3130 1744 3196 ordi·

137 3230 177 3274 no
198 3204 388 3271 absolvetur.
552 3249 556 3256 -
672 3227 676 3250 =
963 3214 1149 3274 neliratrum
1162 3207 1397 3275 predicatorum
1416 3230 1433 3274 a
1453 3212 1576 3274 Summo
1598 3208 1744 3277 Pontifice

173 3285 204 3370 d.
218 3311 257 3362 «ς.
278 3291 467 3352 Cumautem
483 3289 526 3352 sit
546 3292 644 3353 veteri
664 3289 857 3354 institutione
881 3309 927 3353 re·
955 3305 1020 3366 ipro
1039 3307 1177 3361 remonte
1197 3285 1268 3366 eligi
1290 3292 1464 3356 consuerit.
1490 3296 1564 3355 sunt
1593 3307 1742 3367 praeterea

136 3365 282 3445 ceolum,
302 3366 737 3449 utaudlotiscatliolicililser,
760 3389 817 3433 non
838 3369 928 3436 tanim
959 3391 1000 3435 ex
1019 3387 1146 3446 utroque
1166 3368 1266 3435 clero·
1278 3369 1435 3443 saeculari,
1455 3367 1491 3436 dt
1512 3369 1640 3448 regulari
1663 3371 1743 3447 ejus·

139 3467 263 3514 tantum
274 3447 411 3512 relatoris
421 3449 574 3523 uersutia
584 3467 731 3528 censurat
749 3450 835 3515 illico
856 3471 924 3526 pro·
957 3448 1029 3515 dem
1049 3452 1300 3527 Congregationis
1321 3449 1538 3527 consultores,
1557 3448 1593 3517 dt
1616 3450 1743 3515 Relaro·

137 3529 311 3601 scribatur,
331 3525 366 3591 ad
378 3526 652 3604 normam'praefati
666 3529 789 3595 decreti
811 3533 922 3594 mensis
958 3550 1008 3596 res
1027 3521 1155 3604 telesti,
1173 3526 1209 3595 dt
1230 3529 1372 3611 quidem,
1393 3530 1445 3595 ulai
1465 3530 1573 3609 aliquis
1594 3529 1740 3596 librorum

136 3611 214 3691 lolii
235 3610 303 3671 anni
326 3607 478 3672 millesimi
500 3612 756 3688 spetingenteslmi
776 3614 923 3689 qoinqua-
959 3612 1124 3677 relationes
1143 3627 1243 3674 coram
1263 3611 1505 3688 Congregatione
1528 3609 1639 3685 semel,
1671 3611 1739 3686 bis,

49 3699 52 3702 ’
134 3691 264 3768 gesimi,
285 3686 421 3751 volumus
441 3709 507 3750 eam
527 3689 779 3755 consuetudinem
799 3695 922 3754 omnino
958 3688 1424 3770 tertiolaudabiliterperegerit,
1449 3705 1514 3753 tum
1524 3692 1586 3767 ipsa
1605 3694 1740 3766 congro·

135 3772 274 3836 servari·
297 3771 340 3831 ita
361 3784 394 3831 ut
415 3771 437 3832 si
461 3773 572 3843 orimus
594 3791 699 3835 censor
725 3770 835 3834 librum
856 3789 923 3843 oro·
955 3777 1038 3847 gatio
1060 3767 1237 3836 Pontificem
1257 3789 1363 3850 rogare
1384 3771 1482 3846 solet,
1502 3787 1535 3833 ut
1555 3771 1619 3845 ejus
1639 3770 1738 3838 auun-

133 3812 328 3915 scribendum
351 3865 418 3922 csse
439 3847 578 3925 judicet,
607 3855 739 3927 quamvls
760 3849 922 3914 Consulto·
955 3856 1050 3914 ritate
1070 3854 1099 3914 in
1123 3852 1340 3915 Consultorum
1363 3869 1521 3915 numerum
1542 3846 1715 3915 referaturs

134 3930 229 3993 resin
244 3926 368 3990 eandem
390 3934 572 3994 sententiam
594 3935 791 4004 conveniant,
813 3927 922 3993 nihilo·
994 3926 1072 4012 §.·7.
1092 3927 1528 4007 SubiosaPontificatusnostri
1553 3928 1737 4008 primordia,

135 4010 238 4073 minus
248 4005 337 4070 alteri
348 4012 474 4071 revisuri
496 4011 534 4073 ab
555 4011 659 4074 eadem
680 4014 922 4088 congregatione
954 4032 989 4076 ea
1011 4032 1065 4075 nos
1086 4010 1178 4077 subiit
1198 4013 1363 4089 cogitatio,
1390 4027 1425 4075 ut
1452 4027 1566 4075 certam
1588 4009 1737 4089 aliqtum,

136 4085 347 4164 eleuoliber,
365 4085 544 4153 &censura
567 4089 742 4165 tradantur,
763 4109 920 4165 suppresso
954 4090 990 4156 tc
1004 4091 1223 4156 immutabilem
1243 4090 1418 4155 methodum
1440 4107 1495 4168 oro
1514 4094 1670 4168 erramina,
1691 4091 1738 4169 ju·

137 4170 228 4246 primi
250 4171 384 4233 censoris
412 4172 548 4244 nomine,
576 4191 635 4248 quo
663 4170 741 4234 alter
771 4171 917 4246 judicium
956 4170 1248 4248 dicioquelibrorum
1264 4175 1294 4234 in
1314 4169 1367 4235 hae
1390 4170 1501 4235 luditis
1521 4175 1752 4250 congregatio·-

137 4245 517 4324 suumliberiusexponat.
532 4253 560 4313 Si
582 4268 683 4314 aurem
703 4249 850 4315 secundos
872 4272 919 4316 re·
955 4272 994 4315 ne
1014 4248 1192 4314 servandam
1212 4268 1440 4317 statueremus·
1459 4260 1526 4337 Qua
1553 4249 1594 4316 de
1622 4274 1655 4316 re
1678 4273 1738 4317 non

139 4329 222 4392 visor
232 4331 328 4403 primo
337 4329 921 4408 assentiatur,tuneutriusqueanimad-
953 4329 1045 4396 modo
1065 4330 1225 4394 consilium
1247 4332 1461 4412 exquisivimus
1489 4331 1589 4400 dilecti
1611 4329 1663 4395 filii
1683 4355 1739 4397 no-

140 4412 293 4471 versiones
313 4406 349 4471 ad
370 4407 548 4475 Cardinales
570 4415 730 4476 mittantur
751 4427 785 4474 ut
807 4415 843 4475 iis
866 4429 920 4476 esr-
952 4415 1008 4476 stri
1034 4411 1140 4488 Angeli
1162 4410 1271 4474 Mariae
1291 4410 1400 4477 sanclae
1423 4414 1570 4478 Romane
1592 4410 1737 4478 Ecclesiae

138 4490 237 4564 oensis
259 4487 297 4551 de
319 4488 396 4553 libro
416 4487 600 4569 decernant;
628 4509 659 4554 at
685 4495 709 4554 si
731 4492 879 4557 secundus
901 4517 918 4558 a
950 4489 1124 4555 cardinalis
1145 4492 1264 4571 Quirini
1294 4496 1475 4568 nuncupati,
1504 4490 1639 4569 ejusdem
1670 4511 1738 4554 san·

137 4564 417 4654 primodissentiat,
430 4591 464 4637 ac
485 4570 595 4638 librum
614 4569 832 4640 dimittendum
853 4578 917 4640 eri·
951 4572 1008 4640 dias
1029 4573 1178 4639 Romanu
1199 4568 1351 4635 Ecclesiae
1370 4569 1619 4649 Bibliothecatii,
1642 4570 1734 4640 diua

210 4649 301 4722 uon
331 4652 368 4722 V.
1272 4650 1324 4715 Bb
1367 4673 1383 4733 3
1622 4657 1705 4722 con·
