3984 5284
428 129 555 269 J'u
614 156 647 238 n
709 156 729 237 1
789 158 824 239 t
884 160 938 240 AE
997 159 1040 241 n
1100 159 1173 264 M,
1249 163 1453 247 naar.
1607 191 1686 280 ης

133 293 170 338 eo
192 269 253 356 ipso
275 268 464 349 incurrenda,
495 269 617 350 aliisque
646 266 767 330 arbitrio
796 269 919 332 Ordina-
960 267 1010 345 bi,
1030 290 1064 332 ac
1086 267 1164 334 facul
1207 271 1349 347 moritur,
1371 272 1503 347 obtinet,
1526 297 1658 361 exopere
1678 300 1746 363 ope.

132 356 247 419 riorttnt
287 347 449 431 infligendis
479 351 604 435 poeuis,
637 346 834 429 publicentur,
870 351 920 414 vel
961 349 1053 413 tantis
1073 281 1334 464 omuedpomnino
1356 351 1567 432 remissionem,
1599 376 1633 422 ut
1662 360 1747 423 ducet

134 436 325 505 nuncientur,
348 449 398 494 aut
419 433 449 494 in
471 432 552 495 usum
574 426 798 491 demandentur.
960 430 989 491 S.
1011 430 1145 495 Thomas
1167 452 1195 492 a.
1221 454 1247 493 2.
1268 433 1360 515 quaeJl.
1383 433 1449 507 189.
1470 453 1564 529 ης.
1584 438 1662 516 ad3.
1686 442 1748 501 υη.

176 515 248 576 Non
268 512 446 576 obstantibus
475 507 639 594 premissis,
669 528 702 571 ac
731 509 920 574 Conllitutio
961 510 996 573 de
1020 508 1070 574 suo
1093 511 1181 573 modo
1201 512 1360 594 plenariam
1383 512 1597 594 Indulgenttam
1628 517 1749 597 assequi·

132 594 238 669 nibns,
260 595 292 656 dt
311 592 554 655 ordinationibus
573 588 777 671 Apostolicis,
799 612 918 655 necnon
962 609 1030 665 tur,
1051 591 1188 670 quamvis
1209 613 1266 655 non
1288 593 1397 668 illam,
1426 613 1518 672 quam
1548 592 1681 658 Pontifex
1712 596 1749 661 de

131 674 349 750 Ecclefiatutu,
390 672 663 743 Monalleriorurn,
693 672 919 749 Contemnunt,
960 670 1108 735 Thesauro
1131 669 1262 736 Ecclesia
1291 673 1488 737 concedit·ad
1519 673 1676 757 pleniorem
1708 675 1746 740 fe·
1842 705 1848 716 ·

130 754 308 830 Ordinem,
348 754 647 835 Congregationum,
687 748 917 833 Hospitalium,
959 753 1141 815 entitatem.
1172 754 1244 828 Qua
1264 752 1392 817 dosirina
1423 752 1500 818 valet
1523 756 1622 837 utique
1655 756 1744 820 etiarn
1765 781 1808 838 40

132 833 448 908 confraternitatum,
478 833 702 895 Univerfitatnm
729 876 739 906 ,
769 831 918 914 Collegio·
960 853 1015 973 pro
1036 837 1126 896 Anno
1147 833 1272 916 Sansio,
1309 853 1341 898 nt
1371 834 1455 897 docet
1484 835 1515 897 ἃ
1544 834 1747 901 eruditissimus

131 935 217 991 rum,
240 918 271 979 δι
292 916 457 989 Imcmutn,
489 913 669 992 aliorumque
700 911 918 993 pradisiorunt,
985 911 1115 975 ,Gobat
1136 934 1201 976 tom.
1214 935 1242 975 2.
1264 912 1299 974 de
1312 914 1433 994 Jubilaeo
1452 912 1537 977 erasi.
1568 937 1596 997 3.
1618 938 1650 978 ca
1668 961 1676 979 .
1697 938 1746 998 50.

131 998 223 1075 etiarn
245 999 434 1070 juramento,
468 990 698 1056 confirmatione
713 991 918 1071 .Aposlolica,
959 1016 1035 1057 num,
1057 1015 1104 1072 57.
1127 992 1230 1058 addens
1249 997 1327 1073 quod
1348 1015 1435 1076 porro
1455 994 1550 1059 censet
1571 998 1629 1061 ·Ru
1650 999 1748 1092 riquez

132 1076 185 1142 vel
196 1074 309 1156 »quavis
340 1071 512 1136 infirmitate
540 1070 599 1136 alia
631 1070 803 1147 roboratis,
837 1073 920 1136 flatu
961 1090 1029 1136 tom.
1054 1094 1081 1133 e.
1101 1096 1148 1154 qq.
1173 1077 1272 1157 Regni,
1290 1098 1319 1155 q.
1333 1077 1381 1138 88.
1403 1096 1457 1140 art.
1481 1098 1507 1138 1.
1533 1074 1748 1171 indulgentiam

133 1156 247 1230 tis,&
281 1152 530 1218 consuetudinibus
556 1177 565 1223 3
597 1151 757 1235 privilegiis
786 1171 919 1245 quoque,
962 1153 1121 1235 plenariam
1144 1152 1311 1234 promissam
1334 1156 1554 1235 ingredientibus
1564 1156 1627 1219 Reli
1651 1158 1748 1224 ionem

130 1235 384 1319 exemptionibus,
413 1233 443 1295 bt
477 1232 601 1296 lndultis
634 1234 662 1293 Α
705 1232 810 1296 stulius
839 1232 917 1307 illis,
959 1234 1111 1314 obtingere
1136 1254 1194 1298 non
1216 1253 1329 1297 tantum
1353 1237 1408 1309 iis,
1430 1237 1481 1317 qui
1500 1180 1649 1301 votaRel

132 1335 292 1397 eorumque
313 1312 527 1396 Superioribus,
549 1313 580 1375 δι
611 1312 760 1387 Peronis,
791 1332 824 1376 ac
852 1311 919 1375 aliis
960 1309 1153 1375 substantialia
1173 1315 1336 1390 emittunt,
1360 1315 1405 1379 sed
1426 1318 1516 1380 etiam
1536 1318 1587 1397 qui
1609 1319 1747 1384 Novitia-

131 1395 357 1479 quibuscumque
387 1413 437 1475 per
474 1393 585 1458 eosdem
618 1395 769 1457 Romanus
800 1391 922 1454 Pontih·
960 1408 1025 1454 tutu
1048 1391 1266 1473 ingrediuntnr3
1289 1397 1377 1471 Quod
1408 1398 1489 1461 Vina
1517 1397 1568 1459 foci
1598 1402 1646 1461 cit.
1679 1399 1747 1468 scite
1765 1422 1804 1479 41

134 1500 184 1542 ces
206 1472 413 1544 Pradecelsores
437 1476 562 1549 uollros,
584 1496 617 1538 ac
639 1478 723 1548 Nnc,
753 1473 784 1534 δι
814 1467 920 1536 distant
961 1472 1034 1535 dicit
1057 1472 1277 1553 intelligendum
1300 1477 1386 1537 etiam
1410 1478 1461 1540 elle
1483 1478 1519 1542 de
1540 1478 1592 1553 iis,
1614 1478 1665 1559 qui
1725 1482 1748 1543 st
1795 1489 1849 1516 s

133 1560 235 1623 Sedent
256 1555 370 1636 ejusque
391 1556 516 1636 Legatos
545 1554 595 1618 sub
624 1552 850 1636 quibuscumque
882 1573 921 1617 te·
962 1552 1111 1616 biennium
1133 1554 1311 1617 Novitiatus
1332 1559 1472 1619 emittunt
1493 1558 1551 1619 tria
1580 1578 1654 1622 vnta
1682 1501 1747 1622 hom·

136 1640 273 1711 nuribus,
295 1637 326 1700 δι
347 1641 459 1711 forme,
482 1656 514 1698 ac
534 1633 759 1715 cumquibulvis
770 1632 920 1708 clausulis,
962 1633 1052 1715 plicia
1072 1633 1101 1695 in
1123 1631 1639 1715 praclarifstmasnaSocietateJesu,
1662 1641 1747 1721 quip

134 1721 167 1783 δι
195 1716 342 1791 decretis,
372 1717 404 1778 bt
434 1737 469 1779 ex
499 1715 646 1799 quibusvis
683 1714 770 1779 caufis
808 1712 920 1778 conces·
963 1734 999 1796 pe
1021 1712 1066 1776 illi
1086 1715 1175 1777 etiam
1198 1714 1229 1776 in
1260 1735 1330 1780 vero
1360 1718 1431 1780 ssatu
1463 1714 1613 1798 Religioso
1645 1722 1747 1783 confli-

130 1800 188 1872 fis,
211 1796 413 1872 confirmatis,
437 1796 655 1863 destinaveris.
691 1795 803 1870 Quibus
825 1795 920 1857 onmi-
962 1811 1102 1869 tuuntur,
1126 1795 1210 1864 &ea
1231 1814 1313 1878 parte
1343 1795 1391 1861 sua
1421 1798 1450 1859 in
1483 1816 1653 1880 perpetuum
1683 1815 1746 1863 tnu-

133 1878 208 1953 bns,
231 1879 341 1941 etiamst
364 1878 394 1939 in
428 1876 487 1940 ulis
516 1896 651 1941 caveatur
680 1874 822 1959 expresse,
843 1876 922 1956 quod
963 1872 1078 1937 riuutur
1100 1872 1219 1949 laculo,
1241 1877 1287 1951 se,
1309 1875 1412 1959 suaque
1435 1877 1516 1954 Deo,
1547 1879 1747 1963 mancipantes

134 1957 186 2022 sub
212 1959 384 2041 ufimilibue,
417 1958 463 2021 vel
493 1956 672 2022 dissimilibus
701 1954 747 2019 sus
800 1956 922 2019 sionibus
962 1953 1012 2016 sub
1032 1955 1196 2019 obedientia
1216 1957 1394 2039 Superioris.

131 2060 319 2135 nequaquam
357 2038 663 2121 comprehendantur,
703 2039 754 2100 nit
792 2038 827 2100 de
865 2036 923 2099 illis
1004 2035 1181 2112 Quinimmo
1204 2037 1537 2104 Vivalac.cit,nnm.2.
1559 2040 1657 2117 addit,
1680 2060 1743 2124 pro·
1766 2064 1806 2122 42

131 2119 286 2202 speciales,
308 2121 340 2183 er
361 2119 508 2182 individua
531 2120 644 2183 utentio
664 2118 733 2192 fiat,
766 2116 824 2179 illis
852 2117 924 2179 alias
963 2114 1057 2179 babile
1078 2117 1170 2181 videri
1192 2117 1267 2197 polle
1288 2118 1393 2194 alicui,
1417 2139 1553 2186 uenerat
1574 2121 1674 2184 Gobar
1694 2128 1745 2185 lac.

132 2202 163 2263 in
189 2199 239 2266 suo
259 2202 360 2266 robore
383 2199 588 2282 permansuris,
622 2199 660 2261 ad
688 2196 818 2261 euenum
851 2218 918 2280 prae
961 2200 1011 2259 cir.
1030 2198 1165 2277 quamvis
1187 2196 1244 2281 ipse
1265 2221 1325 2263 non
1348 2199 1520 2275 subscribat,
1551 2201 1628 2281 quod
1650 2202 1745 2266 ludul-

131 2281 269 2357 missnm,
301 2283 356 2345 hac
389 2282 453 2344 vice
481 2281 635 2343 dumtaxat
667 2277 831 2363 specialiter
850 2277 923 2353 ,·&
962 2278 1062 2359 gentia
1104 2278 1211 2343 lenatia
1230 2300 1249 2342 a
1270 2280 1412 2344 Pontifice
1432 2281 1560 2345 concessa
1581 2280 1748 2345 obtineatur

130 2361 255 2508 gpstpresse
274 2361 460 2444 derogamus,
483 2360 651 2443 coeterifque
673 2358 826 2424 contrariis
855 2356 920 2439 qui·
963 2360 1056 2498 Appp
1077 2300 1181 2454 senfin
1200 2360 1240 2501 esp
1256 2358 1667 2504 etpittentdrusp'roseffionlecp
1689 2363 1746 2505 Rj-

201 2464 324 2510 umus,
567 2503 569 2508 ,
985 2459 1003 2498 u
1047 2459 1092 2500 ent
1155 2461 1202 2504 ute
1233 2462 1435 2505 tcutettea.
1476 2468 1494 2504 n
1533 2463 1632 2503 encrat
1666 2461 1691 2504 1.
1733 2465 1748 2502 a

138 2551 141 2562 ¹
176 2524 231 2590 Et,
250 2464 320 2606 iiuia
348 2520 465 2585 difficile
495 2523 586 2586 nintis
615 2522 713 2596 esset,
745 2518 924 2603 presentes,
963 2460 1079 2599 stagiris
1101 2460 1179 2601 ’judis
1210 2523 1241 2583 in
1270 2526 1299 2584 6.
1324 2528 1358 2585 In
1375 2461 1668 2604 geierntionnffione
1696 2546 1748 2587 non

134 2622 322 2684 quocumque
342 2602 391 2663 ubi
413 2601 471 2664 illis
491 2623 564 2685 opus
584 2601 688 2676 fuerit,
710 2599 849 2682 perferri,
872 2619 923 2665 vu.
963 2602 1080 2663 veniant
1099 2621 1149 2675 ea,
1170 2625 1229 2681 qna
1246 2604 1310 2696 qais
1330 2627 1380 2666 aon
1409 2605 1472 2682 effer
1501 2605 1564 2664 ueri
1574 2604 1687 2666 imiliter
1716 2605 1747 2665 in

1643 1238 1771 1320 igioniss

39 2677 46 2692 ⁸
134 2682 234 2748 sumus
254 2701 351 2746 earum
374 2683 531 2763 exemplis,
554 2683 641 2746 etiarn
665 2680 820 2762 impressis,
858 2683 921 2743 No
958 2682 1387 2761 speciecanceffarnr31tanec
1411 2681 1586 2824 inpenerali
1619 2683 1746 2845 ppohibi·
1866 2689 1873 2712 “

134 2763 205 2828 tarii
229 2762 336 2843 publici
357 2782 468 2835 manu,
490 2764 521 2825 δι
542 2764 560 2824 st
582 2761 633 2823 illo
657 2761 784 2825 Persona
819 2761 847 2821 in
872 2759 923 2822 Di·
964 2763 1045 2825 tione
1066 2765 1079 2840 (
1101 2779 1189 2837 atoue
1209 2762 1281 2826 adeo
1304 2757 1339 2830 in',
1355 2761 1451 2846 suspen
1466 2786 1529 2828 tone
1551 2764 1624 2826 ludu
1655 2764 1744 2828 entia·

132 2843 248 2924 gnitate
279 2840 473 2903 Ecclesiastica
505 2786 695 2915 conditum,
738 2840 919 2921 obfignatis‚
962 2843 1064 2918 runt)
1086 2842 1208 2906 veniunt
1230 2863 1268 2905 eae
1291 2843 1374 2907 ludul
1396 2845 1498 2919 entia,
1519 2865 1589 2925 quas
1611 2842 1746 2907 Pontifex
1765 2912 1781 2924 ,

130 2922 262 2986 eamdem
286 2917 399 3000 prorsus
420 2917 504 2982 tidem
528 2920 557 2981 in
579 2919 704 2993 judicio,
726 2919 919 2982 &extraubi
962 2920 990 2980 in
1015 2918 1105 3001 specie
1134 2943 1191 2985 nnn
1223 2922 1288 2986 elfet
1319 2867 1512 2988 verilrmiliter
1541 2922 1747 3004 suspensurum

128 3020 187 3143 pne
207 3001 353 3062 locorum
376 2997 523 3068 adhiberi,
554 3019 618 3079 qua
645 2997 829 3062 adhiberetur
848 3018 918 3081 pra·
959 3000 1162 3066 Talisautem
1185 3001 1371 3068 videturesse
1392 3004 1553 3076 hujusmodi
1589 3002 1742 3085 Indulgen-

141 3079 274 3155 entibus,
296 3080 317 3141 fi
337 3077 422 3142 elfent
443 3077 595 3154 exhibita,
618 3079 665 3143 vel
685 3077 779 3142 ossenf
807 3122 816 3143 ,
960 3081 1022 3144 tia.
1044 3079 1124 3143 Tum
1145 3082 1215 3163 quia
1236 3103 1293 3148 nnn
1314 3086 1406 3148 obllat
1428 3083 1504 3162 lini,
1525 3085 1565 3147 ob
1583 3104 1670 3164 quem
1685 3084 1748 3147 alia

170 3160 257 3226 Nulli
280 3181 349 3243 ergo
369 3160 427 3224 dcc.
961 3159 1184 3242 suspenduntur,
1207 3183 1310 3241 nempe
1331 3186 1366 3227 ne
1386 3165 1425 3230 ub
1447 3165 1476 3226 id
1498 3185 1554 3247 pra
1611 3166 1747 3227 iaturac·

960 3243 1047 3307 celsus
1066 3244 1102 3306 ad
1124 3242 1254 3306 Urbem.
1274 3243 1355 3304 Turn
1386 3245 1457 3325 quia
1486 3265 1543 3327 pra
1562 3243 1619 3308 itta
1650 3244 1747 3308 Indul-

171 3325 282 3384 Datnm
304 3327 397 3387 Roma
416 3323 491 3409 apud
502 3319 768 3388 taruannensem
780 3309 920 3405 irajnen
960 3325 1060 3402 gentia
1080 3324 1116 3389 ell
1137 3322 1259 3386 omnino
1281 3321 1394 3407 speciali
1417 3339 1487 3388 nota
1506 3326 1612 3406 digna,
1634 3325 1665 3385 δι
1685 3345 1747 3388 rna·

131 3410 212 3467 Anno
236 3409 433 3470 sacundionis
453 3409 604 3469 Dominicae
633 3404 786 3479 Millefimo
814 3409 920 3485 Septin·
960 3404 1017 3480 jori
1039 3404 1125 3487 lunge
1145 3408 1221 3480 jure,
1254 3422 1342 3484 quam
1377 3403 1435 3467 ulla
1464 3405 1524 3468 alia
1550 3404 1744 3472 conceditur.

127 3485 274 3570 gentefimo
293 3487 500 3571 qnadengefinno
518 3511 607 3560 neno,
641 3487 827 3547 sextodecimo
857 3489 918 3547 Ka·
959 3487 1013 3548 Ast
1034 3508 1103 3549 vero
1124 3507 1177 3568 ego
1207 3503 1265 3546 non
1297 3487 1428 3549 auderem
1458 3483 1587 3550 absolute
1616 3507 1745 3565 negare,

122 3567 225 3632 tenda
239 3572 338 3646 Junii,
361 3566 542 3646 Pontificum
563 3567 655 3646 Nostri
682 3571 763 3630 Auno
783 3569 877 3628 Nouo.
960 3567 1030 3628 sicut
1053 3587 1111 3629 non
1125 3566 1217 3650 ,audet
1237 3562 1337 3628 Gobat
1356 3567 1407 3630 lot,
1437 3571 1517 3628 citat.
1548 3566 1619 3645 quin
1651 3565 1747 3629 verbis

267 3675 270 3686 ’
962 3644 1114 3710 Pontificis
1134 3646 1204 3709 aden
1226 3642 1411 3723 specialibus,
1434 3645 1515 3709 fintul
1545 3647 1575 3709 δι
1606 3643 1746 3725 generali·

453 3734 493 3797 D.
527 3728 677 3794 cardinal.
709 3727 879 3808 Paffionenr.
962 3729 1014 3791 bus
1035 3723 1295 3807 comprehendatur
1316 3725 1393 3809 reipf
1426 3724 1563 3806 suspensio
1591 3725 1681 3800 etiam
1703 3723 1746 3788 d’t·

534 3872 537 3877 ,
961 3808 1013 3870 slae
1035 3806 1227 3878 Indulgentiae
1249 3825 1302 3888 pru
1325 3807 1419 3876 vivis,
1443 3806 1570 3869 manime
1590 3825 1657 3868 curn
1671 3824 1747 3868 nunc

75 3915 115 3974 39
174 3889 389 3974 indulgentiam
421 3892 603 3975 plenariam,
633 3909 774 3973 quatenus
796 3886 864 3971 ipsa
887 3887 918 3948 st·
962 3912 995 3954 et
1017 3885 1194 3952 concessione
1215 3887 1360 3950 Benedisli
1379 3887 1469 3950 XIIl.
1491 3886 1522 3947 δι
1542 3885 1627 3946 x1v.
1657 3883 1749 3967 posset

133 3971 249 4055 gnificat
273 3972 460 4038 remiflionem
493 3974 584 4037 tutius
613 3994 705 4057 poena
735 3970 836 4035 debita
866 3987 919 4050 pro
959 3967 1099 4051 applicari
1129 3989 1182 4051 pto
1213 3965 1383 4044 defundlis,
1422 3967 1475 4029 nisi
1494 3964 1580 4030 aliter
1599 3965 1745 4030 declarent

133 4052 278 4135 peccarit,
301 4053 428 4118 obtineri
451 4056 539 4118 e'tiaru
562 4055 653 4116 Anno
675 4052 816 4117 Sanfloa
847 4048 919 4110 Pro·
961 4049 1126 4113 successores
1148 4047 1322 4111 Pontifices.

134 4134 282 4199 littoribus
305 4134 333 4196 in
358 4134 536 4217 Religione,
568 4134 642 4198 resle
671 4134 757 4197 tradit
789 4126 919 4194 Duflifli·
1001 4127 1067 4190 Posl
1089 4129 1174 4191 breve
1196 4144 1310 4209 tempus
1332 4127 1408 4189 intra
1429 4126 1519 4211 ipsum
1541 4130 1662 4193 Annum
1675 4129 1742 4191 San·
1763 4147 1803 4205 43

131 4231 198 4284 mus
219 4215 251 4278 P.
273 4214 354 4278 Vina
375 4214 410 4276 de
424 4214 542 4296 jubileo
562 4215 650 4296 qnasi.
662 4237 692 4293 4.
713 4236 769 4277 art.
792 4236 818 4291 5.
849 4236 877 4273 n.
892 4230 917 4271 1.
960 4211 1039 4272 sium
1061 4207 1168 4271 solebat
1189 4206 1260 4270 alias
1288 4228 1420 4271 emanare
1453 4207 1604 4272 Pontificia
1634 4202 1744 4297 Notis·
1807 4257 1811 4264 .

172 4297 194 4359 st
216 4296 342 4363 Sanchez
362 4295 414 4361 lib.
430 4318 457 4377 ς.
478 4301 584 4359 sunm.
599 4316 659 4378 cap.
683 4318 709 4375 5.
732 4316 767 4357 ex
790 4296 918 4356 Navarr.
960 4291 1059 4363 carin,
1081 4309 1139 4370 qua
1158 4287 1353 4353 declarabatur
1374 4288 1470 4370 quales
1492 4287 1678 4366 Indulgentiae
1700 4303 1744 4343 tn·

133 4316 265 4441 stodiis.
290 4377 331 4440 Et
353 4378 430 4442 ratio
450 4377 507 4451 est,
529 4379 613 4457 quia,
645 4394 677 4439 ut
706 4374 856 4456 colligitur
886 4392 921 4434 et
961 4370 1162 4451 telligerentur
1192 4369 1221 4431 iu
1254 4373 1345 4433 Anno
1374 4372 1477 4434 Sanno
1507 4365 1663 4449 suspensa,
1696 4362 1744 4424 tel

135 4458 419 4534 enumerantibus,
442 4457 593 4539 Regularis
623 4454 760 4522 Profelfro
794 4452 918 4535 aquina·
960 4472 1038 4526 uon,
1060 4468 1147 4532 prout
1169 4464 1248 4529 patet
1279 4448 1362 4533 supra
1388 4475 1464 4515 narn.
1488 4469 1537 4518 ao.
1568 4446 1607 4508 (a
1637 4463 1687 4523 30·
1708 4442 1743 4503 de

135 4537 174 4600 let
197 4538 362 4620 llaptisrno,
383 4556 526 4622 quatenus
546 4537 655 4608 virtute
685 4537 820 4599 maxima
841 4532 920 4596 fatis
961 4529 1211 4596 notificationibus
1232 4530 1363 4595 Clemen.
1383 4534 1422 4593 X.
1445 4529 1476 4591 δι
1497 4527 1645 4589 innocent·
1668 4521 1741 4582 llll·

135 4617 269 4683 unionis
287 4621 316 4684 in
336 4643 373 4687 eu
393 4641 480 4705 opere
501 4636 666 4697 contente,
698 4616 767 4686 dunt
796 4611 916 4699 quisse
954 4632 1012 4679 nec
1041 4631 1101 4681 uon
1130 4635 1207 4683 un·
1238 4633 1314 4753 31.H
1318 4598 1744 4750 dezdeclaratiotppsslpenpppdli
