3984 5284
329 219 338 226 ⁶
532 91 1416 198 nrnntnnournrn't.
1658 146 1738 234 37,

228 307 275 368 De
292 300 455 381 Tbelrnud,
478 302 518 365 (⁹⁹
537 302 604 366 aliis
623 301 708 365 libris
726 300 917 368 isebraeerm.
1009 302 1219 385 Observationes
1245 304 1285 367 ad
1313 306 1450 389 Regulam
1479 307 1616 372 decimam
1643 308 1798 375 Alexandri

192 409 201 427 s
1198 388 1282 468 Pape
1302 390 1370 449 VII.
1388 385 1464 470 juffu
1484 387 1607 452 addite.

144 533 145 540 ἵ
217 468 365 540 Quemvis
385 466 415 527 in
437 463 524 529 tertia
543 461 624 527 classe
646 462 755 527 Indicis
774 463 899 546 pradisli
921 463 967 526 Pii
1547 527 1550 532 ,

138 557 142 566 ’
177 545 264 628 Papae
284 549 341 609 lV.
371 545 421 609 sub
449 547 548 609 littera
572 546 613 608 T.
652 544 802 609 Thalmnd
833 545 966 608 Hebrao-
1080 541 1273 609 Bservandum
1303 548 1341 608 esl
1361 546 1439 612 circa
1459 545 1601 630 Regulam
1622 548 1796 629 decimam,

178 648 244 689 rum
263 670 273 699 ,
294 625 408 708 ejusque
428 626 543 707 glossa,
565 625 798 698 annotationes,
830 626 966 707 interpre·
1099 626 1177 704 qnod
1206 629 1340 721 degentes
1367 628 1398 689 in
1428 629 1500 690 slatu
1529 628 1604 690 Sedi
1621 630 1796 711 Apostolica

174 708 326 782 tationes,
348 709 379 770 ἃ
400 707 591 789 expositiones
609 711 712 769 omnes
754 703 966 780 rohibeantur,
1008 703 1153 781 mediate,
1175 706 1222 771 uel
1245 707 1415 772 immediate
1435 706 1580 785 subjecto,
1602 728 1661 771 non
1704 713 1796 778 ossunt

175 787 242 861 sed,
263 786 342 866 quod
363 788 383 848 su
403 787 508 866 absque
531 787 649 850 nomine
669 786 717 845 Tb
750 785 966 861 mud,&1ine
1006 783 1202 851 transmittere
1222 786 1326 851 Libros
1354 786 1419 851 ase
1440 790 1615 870 compostus
1645 729 1717 852 alibi
1739 793 1795 853 im·

175 867 312 1010 ξ’ἑὶξὶήζῖῐ
328 866 606 1009 „missiles
620 864 965 1026 lssssltsss‘ls
1005 864 1262 1027 iiiidimfi'li
1280 869 1409 1013 tiss
1435 867 1670 1012 sussilit
1696 870 1793 1014 sis

175 1047 276 1093 tamen
345 969 507 1089 ussissprD.
529 989 635 1100 Nosie'r
655 1023 800 1089 Dominus
828 988 964 1089 Clemens
1005 1025 1139 1104 Vicarii,
1161 1028 1192 1090 δι
1212 1027 1298 1110 Mag.
1320 1029 1382 1092 Sac.
1405 1028 1467 1090 Pal.
1490 1029 1510 1089 sr
1531 1028 1560 1089 in
1582 1028 1683 1102 Urbe,
1704 995 1797 1096 sive:

173 1112 253 1192 Papa
273 1108 365 1169 Vlll.
395 1127 446 1191 per
476 1106 554 1169 suam
585 1106 831 1171 constitutionem
862 1124 964 1170 contra
1005 1126 1038 1169 ro
1066 1123 1150 1171 extra
1168 1107 1276 1171 Urbem
1300 1109 1448 1187 existant,
1479 1107 1536 1170 fine
1555 1108 1705 1171 Ordinarii
1732 1109 1792 1176 loci

172 1189 268 1273 impia
288 1187 421 1270 scripta,
452 1188 483 1251 δι
504 1187 592 1250 libros
612 1185 823 1261 Hebraeornnr,
846 1184 895 1251 sub
915 1187 963 1249 da·
1006 1184 1111 1260 illius,
1141 1187 1197 1252 sure
1219 1188 1255 1251 eb
1273 1188 1319 1251 his
1339 1190 1544 1272 deputatorum
1566 1187 1728 1268 facultate,
1760 1193 1794 1256 δι

174 1289 239 1334 tum
262 1269 364 1331 Roma
393 1268 470 1352 apud
499 1269 528 1329 S.
559 1269 676 1330 Petrum
706 1269 850 1330 Incarnat.
872 1266 962 1329 Dum.
1005 1265 1123 1329 licentia
1140 1267 1221 1349 operi
1244 1266 1408 1350 infigenda.

172 1350 362 1415 MDXCIII.
384 1349 477 1432 pridie
489 1347 559 1411 Kal.
574 1343 682 1408 Martii
695 1347 828 1410 Pontific.
850 1344 891 1409 sui
911 1368 990 1433 aug
1042 1343 1104 1421 Qui
1134 1366 1205 1411 uero
1240 1346 1321 1431 super
1355 1349 1536 1432 impressione
1570 1349 1710 1415 librorum
1744 1372 1791 1416 or·

173 1454 215 1496 uo
235 1432 383 1527 Secundo,
407 1428 474 1493 ilios
492 1427 660 1510 probibuit,
683 1443 769 1507 atque
789 1427 960 1492 damnavit:
1002 1425 1171 1503 dinarium,
1206 1442 1258 1492 aut
1287 1428 1447 1513 delegatam
1478 1431 1680 1526 ausioritatem
1710 1453 1791 1496 exer-

172 1532 264 1656 {sss
281 1507 963 1670 lliidsiiiniis”dissidiis
1002 1507 1335 1679 {allusistis
1343 1513 1633 1658 {resaisistis
1648 1510 1790 1673 lius?

170 1671 335 1746 tolerandi,
370 1667 415 1729 sed
436 1666 618 1750 specialiter,
639 1667 670 1729 δι
691 1670 811 1751 expresse
832 1668 957 1743 slatuit,
998 1665 1282 1745 dolcbetaddisias,
1304 1670 1461 1755 prasertim
1494 1693 1564 1736 vero
1606 1672 1790 1754 ropinquite·

169 1753 200 1813 oe
229 1749 323 1823 vult,
353 1765 387 1812 nt
420 1745 584 1822 hujusmodi
618 1747 706 1828 impii
738 1747 955 1824 Thalmudici,
998 1763 1027 1812 te
1049 1746 1145 1825 illos,
1174 1766 1224 1813 aut
1245 1750 1304 1814 alia
1323 1752 1512 1833 quantumuis
1541 1773 1559 1815 a
1584 1692 1673 1832 longe
1695 1754 1790 1834 petita

171 1829 369 1906 Cabalisiici,
401 1828 508 1910 aliique
537 1825 639 1891 nefarii
672 1827 857 1893 Hebraeornur
891 1827 960 1891 libri
1001 1849 1034 1892 ea
1065 1828 1098 1890 sut
1128 1830 1220 1910 (veri
1255 1830 1286 1893 δι
1316 1832 1415 1898 sinceri
1445 1831 1545 1909 judicii
1575 1833 1787 1914 corruptrice)

162 1910 292 1973 omnino
311 1909 471 1985 damnati,
500 1909 533 1971 &
562 1906 704 1991 prohibiti
732 1925 896 1982 maneant,
928 1910 959 1972 δι
1000 1908 1202 1974 necessitudine
1238 1911 1439 1978 continentes
1476 1912 1665 1984 admittant3
1691 1910 1790 1994 'super

166 1989 363 2067 censeantur,
397 2007 484 2083 atque
514 1988 597 2082 super
626 1987 694 2082 eis,
725 1989 757 2051 δι
784 1990 849 2052 aliis
877 1989 959 2053 libris
999 1991 1101 2053 omnia
1120 2006 1219 2055 autern
1251 1991 1288 2054 ab
1307 1936 1412 2057 oblatis
1433 1994 1482 2055 nbi
1515 1997 1546 2056 in
1576 1995 1649 2057 hanc
1669 2011 1789 2074 operatu

166 2069 333 2145 hujusmodi
353 2068 485 2153 proedrsia
497 2070 844 2154 Constituttoperpctuo,
864 2068 896 2131 ἃ
914 2069 956 2131 in·
999 2089 1049 2163 per
1070 2069 1182 2134 eosdem
1205 2070 1348 2136 Ausiores
1367 2071 1539 2138 Censoribus
1558 2090 1705 2154 caueant3
1736 2071 1792 2138 Sed

167 2149 348 2217 violabiliter
369 2147 553 2217 observetur·
1000 2151 1034 2212 tis
1055 2151 1171 2215 deinum
1194 2169 1339 2230 utantur,
1369 2174 1442 2237 quos
1471 2153 1627 2231 dossrina,
1659 2171 1790 2215 morum·
1831 2201 1835 2208 .

998 2248 1054 2309 que
1085 2229 1252 2311 integritate
1280 2233 1417 2314 probatos
1450 2231 1487 2295 ab
1516 2235 1600 2295 omni
1630 2230 1677 2294 sus
1694 2232 1788 2298 icione

399 2316 444 2375 De
464 2313 551 2379 libro
571 2318 728 2398 Magram.
999 2309 1099 2389 gratia
1120 2310 1269 2386 intactos,
1291 2333 1325 2375 ac
1344 2315 1365 2375 fi
1385 2311 1445 2379 fieri
1470 2314 1588 2393 potess,
1611 2314 1641 2376 Α
1691 2313 1790 2378 oribus

906 2413 911 2416 ⁷
1000 2388 1065 2471 ipfis
1085 2391 1227 2472 ignotos,
1258 2390 1289 2451 oe
1310 2393 1393 2455 unius
1422 2393 1491 2457 boni
1512 2392 1643 2476 publici,
1675 2391 1789 2476 Deique

214 2479 265 2541 Ad
285 2477 345 2540 bac
367 2474 456 2539 sciant
477 2474 642 2559 Episcopi,
663 2472 840 2546 Ordimrii,
862 2471 892 2534 δι
914 2473 962 2534 In·
1003 2469 1101 2550 gloria
1131 2469 1268 2534 studiosos
1296 2471 1487 2555 cognoverint
1507 2494 1517 2546 3
1557 2473 1626 2548 Quo
1655 2493 1725 2536 uero
1754 2473 1793 2537 ad

113 2623 116 2636 ‚
169 2559 322 2641 quisitores
344 2558 502 2632 locorum,
533 2556 637 2619 librum
661 2556 806 2637 Magazor
827 2553 962 2616 Hebraen·
1003 2551 1145 2615 Auslores
1175 2550 1331 2634 Regulares
1368 2552 1570 2633 cujuscumque
1597 2551 1735 2629 Ordinis,
1757 2554 1791 2617 δι

173 2661 259 2713 rum,
281 2638 333 2717 qui
354 2636 485 2701 continet
506 2655 618 2719 partem
640 2635 839 2711 Officiorum,
861 2635 892 2696 δι
913 2654 962 2695 cae·
1006 2632 1133 2696 Instituti
1155 2631 1229 2711 snt,
1253 2630 1324 2699 illud
1344 2652 1478 2717 praterea
1498 2632 1704 2697 observandum
1724 2677 1733 2706 ,
1755 2648 1791 2697 ut

171 2718 368 2781 remoniarnm
389 2714 549 2798 ipsorum,
581 2717 612 2780 δι
633 2719 819 2799 Synagogae,
854 2713 962 2777 Lufira
1004 2733 1040 2776 ne
1061 2733 1160 2781 eorum
1195 2712 1318 2795 scripta,
1340 2715 1387 2780 vel
1428 2734 1515 2797 opera
1558 2712 1624 2776 aliis
1661 2710 1788 2788 ejusdem

170 2798 261 2874 nica,
282 2795 461 2881 Hispanico,
482 2797 627 2871 Gallica,
651 2798 855 2870 Germanica,
878 2792 959 2857 Itali·
1002 2794 1129 2857 Instituti
1161 2795 1204 2858 Re
1227 2796 1353 2860 oleribus
1380 2797 1569 2859 examinanda
1598 2794 1788 2857 committan-

169 2898 235 2952 ca,
265 2894 315 2939 aut
336 2877 446 2958 quavis
475 2877 534 2939 alia
553 2875 667 2958 uulgari
689 2877 814 2958 lingua,
845 2892 958 2956 prater·
1000 2890 1074 2952 tur,
1106 2872 1152 2936 sed
1190 2817 1307 2939 citerius
1334 2876 1480 2950 Ordinis,
1512 2876 1542 2938 ἃ
1572 2874 1699 2938 Inslitnti
1730 2873 1789 2938 viri

167 2976 258 3038 quam
280 2958 403 3019 Hebraea
430 2955 538 3020 editum
569 2957 680 3029 jamdiu
709 2979 743 3019 ex
775 2954 889 3036 speciali
920 2954 967 3017 de·
1007 2953 1076 3035 pii,
1097 2953 1248 3033 donique,
1270 2957 1300 3018 a
1321 2978 1338 3019 a
1358 2957 1484 3038 pertitnn
1505 2954 1595 3020 sludio
1613 2998 1623 3029 ,
1644 2974 1732 3036 atque
1752 2953 1790 3018 ab

170 3054 253 3100 creto
283 3034 496 3100 rationabiliter
525 3036 706 3116 prohibitum
738 3035 820 3107 esle3
853 3033 967 3097 Idcirco
1007 3034 1142 3110 amoris,
1176 3038 1206 3098 δι
1226 3035 1286 3100 odii
1317 3035 1439 3099 stimulis
1458 3035 1572 3119 prorsus
1600 3037 1706 3100 remoti
1736 3034 1787 3097 eli·

121 3180 123 3184 ,
189 3117 338 3181 rouideant
361 3115 444 3178 illurn
466 3115 629 3180 nullatenus
648 3115 810 3200 permitti,
839 3131 889 3177 ant
911 3132 955 3178 to·
996 3134 1121 3196 gantur3
1142 3136 1193 3197 per
1213 3116 1268 3178 boc
1290 3135 1385 3180 antem
1408 3138 1465 3179 non
1488 3116 1623 3192 tollitur,
1646 3115 1717 3199 quin
1740 3116 1784 3176 in·

163 3136 395 3273 seraridebere,
426 3194 479 3257 nifi
500 3195 644 3261 Hebraica
674 3194 773 3279 lingua
793 3193 954 3280 pradissa.
997 3214 1044 3290 tra
1063 3196 1232 3289 eorumdem
1251 3196 1439 3291 Regularinm
1461 3197 1600 3290 Ordinem
1630 3216 1681 3280 per
1703 3194 1782 3257 Reli·

332 3361 377 3420 De
399 3356 494 3421 Libris
506 3363 627 3438 joannis
646 3358 750 3423 Rudini
759 3400 769 3420 .
991 3274 1088 3432 stilibi,s
1104 3275 1781 3439 pijgsassinlibilrbislsbrinasriptibisrlbnbetstltolum

1036 3437 1097 3499 Hrc
1113 3437 1318 3501 advertendum
1333 3437 1434 3512 venir,
1455 3436 1533 3522 quod
1549 3436 1640 3501 dinus
1654 3436 1783 3499 Alexan·
1804 3464 1823 3525 9

204 3522 283 3583 Cum
316 3519 346 3582 in
376 3519 532 3605 appendice
553 3544 581 3584 2.
611 3520 702 3585 classus
730 3517 781 3583 sub
810 3518 909 3582 littera
930 3516 957 3580 1.
995 3517 1046 3580 der
1077 3518 1152 3579 VII.
1182 3517 1211 3582 in
1241 3521 1294 3581 cit.
1325 3518 1448 3584 Conssir.
1474 3518 1571 3601 incip.
1599 3517 1785 3601 Speculatores

162 3600 276 3663 dicatur
296 3600 440 3680 (loannis
461 3601 564 3664 Bodiui
585 3600 816 3684 andegavensis,
839 3598 955 3661 Demo·
996 3600 1104 3659 Domus
1127 3598 1213 3676 Israel
1232 3619 1332 3664 omues
1353 3618 1470 3680 poenas,
1503 3600 1533 3661 ἃ
1554 3599 1694 3661 Censores
1713 3619 1780 3661 con-

162 3680 303 3742 nomania
331 3683 455 3745 omnino
485 3682 684 3762 prohibetur;
719 3680 791 3743 liber
821 3701 892 3744 vero
921 3679 956 3743 de
996 3696 1043 3741 tra
1063 3678 1214 3760 legentes,
1245 3679 1276 3740 o
1306 3681 1460 3743 retinentes
1479 3680 1536 3742 &n
1565 3677 1654 3743 libros
1682 3677 1781 3760 probi-

159 3761 347 3843 Repnblica,
379 3763 411 3824 δι
431 3762 593 3827 Methodus
622 3763 657 3824 ad
688 3759 801 3823 facilem
823 3760 950 3823 historie·
992 3759 1070 3821 bitos
1101 3759 1234 3828 hasienns
1264 3758 1362 3835 laras,
1392 3759 1519 3842 exceptis
1548 3757 1616 3823 latis
1645 3761 1674 3820 in
1699 3757 1782 3820 Bulla

159 3863 225 3903 rum
246 3862 281 3904 co
323 3839 442 3905 itionem
473 3843 587 3908 tamdiu
615 3842 765 3925 prohibita
794 3839 848 3903 fine
878 3861 950 3922 quo·
992 3839 1110 3917 Coena,
1144 3837 1253 3903 reduxit
1275 3841 1310 3902 ad
1341 3861 1440 3923 ponas
1469 3856 1618 3904 contentas
1647 3840 1677 3900 in
1700 3838 1779 3914 Con·

157 3921 246 4002 usque
276 3943 293 3983 a
335 3923 462 3986 Ansiore
483 3941 644 4019 expurgata
673 3943 740 3986 cum
761 3942 798 4000 ap
821 3921 947 3985 robatio·
989 3921 1137 3985 stitutione
1159 3920 1203 3981 Pii
1228 3920 1284 3982 1v;
1305 3941 1368 4001 qua
1390 3923 1477 4004 incip.
1499 3924 1639 3984 Dominiei
1659 3922 1776 3999 Gergis,

158 4002 529 4084 neMag.Sacr.Palati1
561 4004 748 4086 prodierint)
779 3940 819 4064 is
831 4003 949 4083 quidem
989 4000 1071 4083 snper
1108 4000 1178 4062 dissi
1211 3999 1320 4061 Indicis
1352 4002 1518 4065 Tridentini
1553 4000 1777 4064 confirmatione

158 4103 211 4165 per
232 4101 362 4226 elrtlperenp³
379 4082 773 4234 sofitasseb'bibrarigsdsasiulm
796 4082 945 4224 cred'gpgf
988 4083 1089 4223 adlice.
1108 4079 1283 4225 dlinxplelrbe}
1299 4081 1421 4220 praecisa
1441 4081 1529 4221 sdissip
1550 4078 1776 4222 Conssiltppionis

155 4186 172 4224 n
259 4182 319 4223 ΙΙ·
789 4185 839 4224 n.
925 4184 945 4222 l·
1033 4180 1151 4223 exalisl
1236 4185 1389 4223 olisem
1454 4181 1609 4222 ue,
1700 4183 1728 4221 ΟΥ

154 4184 945 4393 curcdusissduu
981 4165 1775 4404 nuliuuuuuiulllllen
1883 4229 1890 4242 ’

156 4405 267 4487 ptemb.
288 4405 445 4468 MDCIV.
477 4406 514 4469 ab
543 4408 645 4472 eodem
675 4405 805 4469 Sansiiis.
838 4403 876 4466 D.
900 4406 942 4466 N.
984 4405 1069 4465 etiam
1084 4401 1281 4483 predecefforis
1298 4404 1378 4481 naslei
1392 4405 1473 4485 super
1493 4403 1563 4465 dicii
1583 4403 1690 4465 indicis
1703 4406 1769 4465 Tri·

155 4491 232 4568 Papa
263 4485 432 4567 fimplicitet
460 4488 592 4551 damnati
627 4487 723 4563 sune,
755 4506 788 4549 ac
822 4484 943 4567 proinde
983 4485 1094 4547 demini
1123 4481 1327 4559 refirmatione
1346 4483 1422 4545 edita
1442 4489 1599 4560 contentis,
1633 4481 1672 4542 ad
1700 4506 1773 4561 quae

153 4585 270 4649 uterque
291 4567 463 4647 damnum,
486 4570 517 4634 δι
534 4569 699 4655 prohibitus
718 4564 868 4634 censendus
881 4566 940 4632 est.
981 4568 1134 4662 varietatis
1162 4575 1314 4629 veterarum
1324 4565 1508 4716 Adecretorum
1538 4569 1568 4627 in
1591 4563 1770 4647 proponendis

1374 4665 1395 4709 a
1431 4665 1453 4723 4
1651 4661 1726 4707 tran·
