3984 5284
513 136 1397 221 LIBRIPROHIBITI.
1629 170 1706 253 373

160 247 521 409 ssiilmll‘s‘sssr
543 247 946 409 lszlsssih‘dsssst
1130 327 1298 390 ηε
1338 329 1367 390 u
1408 326 1435 390 ι
1476 330 1507 390 A
1570 328 1631 391 ix.

158 411 368 509 expurgatione
388 409 555 490 indigeant,
580 408 638 470 illis
667 406 826 492 Episcopi,
847 409 879 473 a
902 412 950 471 ln-

155 491 322 578 qoisitoris,
355 511 413 555 una
441 510 508 552 tum
539 487 760 570 Theologurum
790 488 948 553 catholico·
1031 484 1112 548 Libri
1133 504 1253 564 omnes,
1276 486 1307 549 dt
1330 485 1433 571 scripta
1462 488 1675 568 Geumanriae,
1708 493 1774 576 Hy·

160 595 226 639 rum
247 570 387 650 consilio,
409 569 559 648 sublatis,
589 587 640 635 aut
671 570 856 648 emendatis,
886 590 947 654 per.
988 565 1181 642 dromantiae,
1205 569 1420 642 Aeromantiae,
1444 569 1661 652 pyromantia,
1692 575 1774 637 Oriu-

156 656 336 722 miiianrur.
986 649 1124 725 mantia,
1148 647 1380 725 chiromantiae,
1408 648 1642 727 Nectomantiae,
1664 651 1722 720 siue
1744 655 1776 717 iii

989 730 1095 811 quibus
1115 728 1302 794 continentur
1331 727 1503 810 sortilegia,
1537 732 1695 809 veneficia,
1728 756 1775 798 au·

302 814 333 878 R
370 814 401 877 E
440 813 471 878 G
511 812 541 875 U
584 814 609 875 L
648 811 679 874 A
740 813 810 875 vt.
991 812 1091 891 gutia,
1122 809 1281 893 auspicia,
1313 810 1524 877 incantationes
1552 813 1624 878 artis
1656 815 1776 898 magica

989 889 1103 974 prorsus
1123 891 1314 967 rejiciuntur.

201 975 285 1042 Libri
308 973 421 1058 vulgati
444 972 585 1038 idiomate
613 971 647 1033 de
677 968 876 1037 controversiis
905 970 948 1034 in·
1030 970 1167 1055 Episcopi
1188 992 1259 1037 vero
1279 970 1432 1052 diligenter
1452 972 1642 1055 provideant,
1675 995 1709 1040 ne
1732 982 1774 1041 A.

162 1078 209 1126 ter
231 1055 420 1129 catholicos,
451 1056 482 1117 δι
511 1053 659 1118 hereticus
693 1054 779 1115 nollri
809 1054 952 1135 temporis
991 1051 1132 1134 sirologiae
1161 1051 1322 1125 iudiciaria
1351 1053 1437 1128 libri,
1467 1053 1631 1131 trislatus,
1668 1057 1776 1123 indicet

158 1139 345 1212 disserentes,
366 1156 425 1199 noo
447 1133 546 1217 passim
569 1135 794 1218 permittantur,
816 1133 950 1198 sedidem
990 1131 1141 1214 legantur,
1162 1132 1209 1198 vel
1231 1133 1407 1205 habeantur,
1428 1134 1480 1217 qui
1509 1135 1544 1199 de
1574 1133 1677 1200 suturis
1706 1159 1774 1203 con-

155 1224 194 1285 de
217 1220 254 1283 iis
274 1215 419 1291 servetur,
441 1214 518 1298 quud
550 1215 584 1279 de
613 1213 717 1279 Bibliis
751 1215 865 1297 vulgari
893 1214 948 1277 liri·
990 1213 1169 1296 tingentibus
1190 1211 1375 1289 successibus,
1398 1213 1559 1280 fortuitisve
1578 1217 1703 1295 casibus,
1724 1238 1777 1286 aur

159 1321 220 1386 gira
241 1298 354 1383 scriptis
373 1299 511 1361 statutum
534 1296 591 1359 est.
966 1321 969 1327 ¹
990 1293 1026 1356 iis
1048 1293 1227 1369 asiionibus,
1247 1314 1311 1376 qua
1331 1294 1368 1356 ab
1388 1294 1516 1358 humana
1535 1296 1687 1362 voluntate
1708 1319 1775 1383 pen·

200 1382 262 1456 Qui
284 1399 354 1445 vero
376 1378 410 1441 de
432 1378 542 1441 ratione
563 1376 634 1439 bene
655 1374 793 1451 vivendi,
816 1391 945 1441 contem·
987 1373 1074 1448 derit,
1096 1390 1176 1437 certo
1193 1374 1306 1456 aliquid
1317 1392 1487 1439 eventurum
1498 1374 1641 1442 affirmare
1652 1381 1776 1447 audent.

156 1461 279 1546 plaudi,
310 1457 496 1533 confitendi,
533 1478 565 1518 ac
597 1455 739 1518 similibus
768 1455 947 1535 argumentis
1031 1454 1214 1519 Permittunt
1252 1473 1349 1519 autem
1383 1455 1520 1530 judicia,
1560 1458 1591 1521 dt
1634 1460 1776 1526 naturales

156 1541 276 1625 uulgari
299 1539 429 1604 sermone
448 1533 603 1618 conscripti
625 1535 708 1610 sunt,
731 1535 752 1598 sr
782 1534 878 1599 sanam
901 1537 951 1601 do·
991 1533 1223 1611 observationes,
1244 1554 1308 1628 qua
1338 1536 1553 1616 navigationis,
1576 1538 1774 1619 agricultura,

104 1637 111 1646 ‘
159 1624 286 1686 birinum
307 1619 504 1690 contineant,
538 1637 596 1679 non
630 1617 669 1678 eli
699 1636 750 1678 cur
779 1617 950 1700 prohibean·
992 1615 1049 1680 five
1069 1615 1186 1680 medicat
1206 1630 1277 1678 artis
1297 1615 1428 1689 iuvautlae
1461 1620 1583 1702 gratia,
1614 1620 1776 1703 conscripta

157 1722 234 1773 tur,
257 1701 336 1763 sicuti
367 1718 419 1761 nec
451 1696 594 1763 sermones
623 1696 806 1780 pupillares,
838 1698 951 1779 vulgari
992 1694 1077 1761 sunt.

158 1782 263 1860 lingua
284 1778 445 1862 prohibiti.
744 1836 763 1840 „

199 1859 505 1936 Quodfihasienus,
537 1857 568 1919 iii
598 1855 701 1940 aliquo
737 1858 871 1939 Regno,
901 1856 949 1921 vel
1143 1856 1173 1920 R
1213 1856 1241 1918 E
1280 1856 1311 1920 G
1351 1858 1381 1920 U
1422 1860 1449 1922 L
1490 1860 1522 1924 A
1581 1860 1621 1922 X.

156 1942 319 2007 Provincia
347 1938 439 2020 aliqui
471 1936 538 2000 libri
569 1937 632 2000 sont
666 1938 838 2020 prohibiti,
871 1938 950 2018 quod

153 2022 305 2085 nonnulla
325 2022 515 2095 contineant,
537 2038 600 2098 quae
622 2019 677 2082 fine
697 2016 807 2082 deletui
826 2018 863 2079 ab
882 2042 947 2084 om·
1031 2018 1065 2081 In
1098 2014 1258 2092 librorum,
1289 2017 1450 2082 aliarumve
1482 2019 1684 2101 scripturarum
1718 2023 1772 2085 im·

149 2103 246 2166 tribus
267 2100 324 2182 legi
347 2121 406 2164 non
436 2098 602 2181 expediat,
634 2099 656 2160 si
686 2118 787 2162 eorum
819 2098 948 2161 iussores
988 2096 1125 2179 pressione
1147 2096 1290 2173 servetur,
1320 2101 1399 2180 quod
1429 2101 1460 2162 in
1490 2101 1626 2164 Concilio
1657 2101 1774 2168 latera·

153 2182 306 2250 catholici
340 2179 432 2254 sunt,
463 2180 613 2261 postquam
644 2179 790 2242 emendati
820 2177 954 2253 suerint,
997 2179 1074 2241 neust
1094 2177 1144 2241 sub
1164 2181 1261 2242 Leone
1281 2181 1318 2240 lt.
1342 2178 1399 2243 sess.
1414 2202 1462 2243 ao.
1483 2179 1587 2243 sac‘ium
1610 2180 1671 2244 est'.

149 2262 298 2348 permitti
318 2260 354 2326 ab
375 2258 541 2344 Episcopo,
564 2261 596 2324 δι
617 2259 790 2341 lnquifitore
801 2274 956 2341 poterunt.
993 2259 1224 2401 fitQparensiepp
1248 2261 1341 2322 Alma
1361 2261 1439 2401 Upbe
1462 2259 1781 2406 Romasliberasipquis

906 2367 908 2372 v
1050 2359 1059 2398 i
1114 2359 1137 2400 rr
1227 2360 1274 2410 us,
1316 2362 1346 2402 er
1406 2362 1527 2403 icarium
1580 2362 1672 2403 ommi
1727 2365 1779 2407 ori·

286 2425 315 2488 R
356 2422 385 2487 E
425 2422 455 2484 G
496 2421 526 2483 U
567 2422 595 2484 L
632 2421 666 2485 A
725 2421 822 2485 VII.
993 2358 1154 2496 tihcisf&
1175 2420 1253 2482 Sacri
1275 2360 1380 2481 Pisatis
1413 2421 1607 2501 Magistrum,
1639 2421 1685 2484 tiel
1717 2443 1778 2505 per·

992 2499 1092 2563 sutram
1112 2520 1130 2562 a
1151 2497 1281 2564 Smttiss.
1297 2497 1393 2563 'Dum
1415 2504 1458 2564 N.
1479 2501 1671 2585 deputandam
1701 2504 1780 2587 ptius

200 2584 304 2662 Libri,
333 2581 385 2665 qui
416 2604 459 2648 res
488 2579 636 2657 lascivas,
678 2578 724 2644 seo
752 2579 886 2646 obscenas
915 2604 951 2646 ex
992 2582 1213 2646 examinentur.

156 2665 288 2751 prosess'o
308 2663 454 2737 trissant,
477 2680 616 2739 narrant,
636 2679 686 2726 aut
715 2661 852 2737 docent,
883 2684 950 2726 cuin
1034 2663 1067 2724 ln
1089 2660 1154 2724 aliis
1173 2682 1244 2725 vero
1274 2659 1347 2726 locis
1376 2660 1411 2723 ad
1442 2662 1589 2745 Episcopo
1609 2662 1658 2727 vel
1687 2663 1778 2728 alium

153 2769 224 2812 non
247 2745 339 2810 solum
363 2743 464 2818 Fidei,
486 2741 531 2806 sed
551 2745 582 2805 dt
604 2763 743 2818 motum,
774 2743 826 2826 qui
857 2741 951 2818 liujus·
992 2742 1147 2805 habentem
1171 2742 1319 2805 scientiam
1342 2741 1408 2806 libri
1418 2741 1517 2825 scripti
1532 2744 1719 2826 imprimendi
1740 2746 1776 2808 ab

153 2827 247 2893 modi
277 2826 418 2890 libmrum
449 2823 570 2889 sessione
609 2822 692 2887 facile
730 2825 878 2905 corrumpi
911 2823 955 2888 so·
994 2823 1096 2887 eodem
1117 2823 1265 2906 Episcopo
1284 2825 1502 2906 deputandum,
1524 2845 1557 2887 ac
1579 2825 1779 2906 inquisitorem

152 2909 246 2984 lent,
268 2907 343 2970 ratio
363 2904 494 2969 habenda
514 2905 565 2980 sit,
597 2904 722 2968 omnino
743 2904 953 2986 prohibentur,
996 2904 1136 2967 haereticae
1158 2906 1311 2986 pravitatis
1332 2907 1392 2978 ejus
1411 2905 1573 2979 Civitatis,
1593 2904 1642 2968 vel
1665 2905 1778 2972 Dioece·

149 2989 189 3052 ἀ
213 2989 266 3069 qui
287 3007 338 3052 eos
357 2984 510 3050 habuerint
530 2983 625 3049 severe
654 2985 691 3049 ab
719 2982 872 3066 Episcopit
901 3003 952 3067 pii·
994 2984 1045 3060 sis,
1070 2985 1100 3046 in
1119 3005 1177 3067 qua
1197 2982 1341 3065 impressio
1361 2983 1433 3061 fiat,
1457 2986 1725 3068 ejusappmbario,
1748 2989 1781 3051 &

152 3070 303 3131 iriautiir.
399 3075 400 3078 ’
993 3084 1113 3128 examen
1172 3065 1296 3141 itineat,
1318 3066 1349 3128 ἃ
1366 3085 1421 3162 per
1434 3086 1533 3130 eorum
1550 3087 1689 3142 manum,
1711 3088 1778 3150 pro·

201 3148 336 3230 Antiqui
358 3166 428 3211 vero
447 3144 484 3210 ab
505 3144 643 3210 Ethnicis
663 3142 818 3227 conscripti
829 3161 950 3241 propter
991 3148 1054 3228 pria
1075 3145 1279 3230 subcriptiooe
1298 3161 1408 3228 gratis,
1429 3147 1460 3209 ἃ
1481 3148 1538 3212 sine
1560 3148 1699 3212 dilatione
1721 3149 1777 3212 im·

151 3226 304 3294 sermonis
323 3224 518 3310 elegantiam,
540 3228 807 3323 &proprietatem
829 3241 948 3310 permit-
991 3226 1176 3367 ppnemam,
1200 3224 1250 3288 sub
1272 3228 1385 3307 poenis,
1408 3227 1439 3288 ἃ
1459 3227 1582 3293 censuris
1612 3229 1641 3290 in
1672 3228 1773 3293 eodem

151 3326 289 3384 tuntur3
309 3308 389 3374 nulla
410 3323 511 3374 tameo
531 3323 643 3374 tatione
663 3308 758 3391 poerit
785 3307 952 3392 praelegendi
1025 3324 1120 3370 ecreto
1141 3305 1305 3382 contentis,
1326 3306 1520 3390 approbetut;
1540 3309 1594 3373 bac
1626 3308 1715 3389 lege,
1745 3310 1777 3373 dt

149 3406 268 3456 erunt.
993 3387 1162 3452 conditione
1181 3386 1296 3464 addita,
1318 3406 1352 3452 ut
1382 3388 1549 3470 exemplum
1578 3387 1646 3451 libri
1679 3391 1779 3462 impri-

992 3468 1089 3534 mendi
1109 3469 1328 3543 authenticum,
1349 3470 1381 3532 dt
1403 3489 1492 3532 manu
1513 3468 1650 3551 Aussoris
1663 3469 1778 3533 subscri·

283 3552 310 3615 R
349 3551 380 3616 E
419 3549 451 3613 G
490 3550 520 3613 U
561 3551 587 3613 L
627 3551 658 3614 A
720 3550 838 3614 VIII.
992 3568 1075 3634 ptum
1098 3552 1175 3631 apud
1196 3548 1435 3614 Examinatorem
1457 3566 1626 3615 remaneat.

1033 3633 1094 3695 Eos
1122 3653 1211 3706 vero,
1246 3630 1298 3712 qui
1325 3630 1440 3696 libellos
1471 3631 1682 3714 manuscriptos
1714 3631 1779 3698 vul·

199 3713 307 3788 Libri,
327 3731 452 3806 quorum
483 3711 641 3796 principale
670 3729 871 3795 argumentum
901 3710 952 3774 bo·
993 3732 1084 3811 gant,
1108 3714 1159 3776 nist
1180 3728 1248 3775 ante
1268 3712 1444 3789 examinati,
1467 3710 1777 3796 probatiquesuerint,

148 3815 237 3858 num
261 3793 312 3868 esi,
338 3813 368 3854 tn
389 3794 494 3874 quibus
514 3812 611 3859 tamen
632 3794 727 3858 obiter
748 3793 846 3874 aliqua
868 3791 951 3857 inser·
993 3793 1212 3876 iisdempoeois
1233 3791 1331 3866 subjici
1355 3794 1454 3857 dehere
1483 3794 1647 3866 judicarunt
1679 3794 1779 3856 Parcet

147 3893 189 3938 ta
215 3872 301 3948 sunt,
322 3891 385 3955 qua
412 3875 449 3938 ad
479 3876 633 3947 heresim,
664 3872 709 3938 seu
741 3875 950 3957 impietatem,
992 3875 1141 3957 deputati,
1164 3874 1267 3956 quibus
1288 3874 1484 3956 impressotes.
1505 3872 1546 3937 Et
1567 3872 1618 3954 qui
1649 3893 1699 3936 eos
1728 3873 1778 3936 ha·

144 3952 398 4030 divinationem,
424 3954 470 4019 seu
490 3954 715 4037 superstitionem
740 3955 900 4100 (pedam,
934 3975 953 4018 a
990 3956 1124 4031 buerint,
1147 3956 1177 4017 δι
1199 3953 1414 4036 legerint,·nifi
1437 3951 1578 4019 honores
1598 3953 1778 4037 prodierint,

146 4036 320 4101 catholicis
340 4037 504 4132 Theologis
523 4037 720 4120 Inquisitionis
771 4035 950 4103 enerelitau·
991 4057 1045 4120 pro
1066 4035 1241 4100 Ausioribus
1263 4034 1444 4100 habeantur.

146 4119 302 4183 &oritate
321 4135 474 4199 expurgati
494 4120 611 4182 concedi
635 4118 764 4197 possunt.
836 4123 857 4150 ³
1032 4114 1097 4199 lpsa
1117 4136 1186 4179 vero
1208 4113 1370 4188 huiusmodi
1402 4115 1542 4182 librorum
1574 4115 1710 4198 probatio
1745 4114 1774 4175 in

199 4201 290 4262 Idem
313 4199 452 4271 judicium
475 4199 509 4262 sit
531 4199 565 4261 de
587 4198 735 4281 prologis,
768 4197 947 4274 summariis,
990 4197 1103 4282 scriptis
1122 4198 1226 4271 detur,
1250 4196 1280 4262 ἃ
1302 4196 1330 4257 in
1353 4196 1446 4261 sioute
1469 4198 1555 4271 libri,
1587 4195 1634 4258 vel
1657 4193 1776 4276 scripti,

147 4279 205 4345 seu
230 4279 493 4354 annotationibus,
514 4281 619 4362 quaesi
653 4280 808 4343 damnatis
827 4280 948 4345 auilori·
991 4282 1036 4345 vel
1060 4278 1184 4360 impressi
1206 4277 1371 4341 authentice
1384 4283 1541 4360 appareat,
1565 4277 1774 4360 probatioque,

112 4363 234 4436 ¹bue,
260 4359 340 4423 libris
360 4381 419 4423 non
441 4361 587 4423 damnatis
616 4362 748 4441 apposita
779 4359 870 4441 sunt,
904 4359 950 4425 sed
991 4364 1183 4433 &·ertamen,
1206 4378 1237 4419 ac
1258 4373 1354 4420 cetera
1374 4359 1464 4436 gratis
1484 4355 1576 4421 fiant.
1693 4433 1700 4450 ‚

146 4442 283 4528 poslhac
303 4442 416 4506 nonnisi
436 4442 582 4507 emendati
593 4441 790 4508 excudentur.
1036 4443 1173 4504 Praeterea
1194 4438 1222 4500 in
1245 4437 1361 4518 singulis
1382 4438 1578 4511 Civitatibus,
1601 4459 1633 4500 ac
1662 4436 1778 4498 Dioece·

995 4523 1085 4597 sibus,
1109 4521 1242 4593 Domus,
1264 4519 1309 4581 vel
1334 4518 1425 4594 Loci,
1449 4518 1497 4580 ubi
1515 4539 1562 4580 vars
1595 4516 1773 4599 impressoria

998 4601 1212 4678 exercetur,&
1241 4599 1423 4666 bibliotheca
1453 4597 1592 4661 librorum
1622 4594 1775 4661 uenalium

249 4684 340 4749 Tora.
369 4687 411 4749 V.
1402 4681 1461 4741 Aa
1502 4699 1517 4759 3
1691 4674 1735 4739 sae-
