3984 5284
381 133 1170 252 'MATRIMONIUM,
1229 147 1451 233 Annii.
1609 183 1691 264 491

136 274 198 316 cum
222 271 268 330 14.
291 253 327 314 de
340 252 490 336 sponsalib.
514 254 553 317 <t
576 263 698 319 matrim.
729 261 758 319 iu
787 277 844 338 cap.
877 263 924 321 Li·
966 262 1045 338 juges
1066 276 1161 320 tamen
1185 255 1331 339 separandi
1355 262 1438 335 sunt,
1461 261 1552 328 donec
1576 266 1657 331 disla
1691 273 1754 335 Lit-

137 356 179 396 tet
201 354 229 414 3.
253 332 292 396 Φ
313 337 343 396 in
364 353 423 418 cap.
446 339 510 397 Tua
539 358 569 411 4.
599 342 636 400 de
659 341 763 421 sponsa
791 340 922 402 duorum.
966 356 1033 402 terae
1052 338 1246 401 declaratotiae
1266 339 1470 417 obtineantur,
1492 365 1558 407 curn
1590 348 1672 412 dina
1702 372 1752 414 no.

137 413 294 495 Speciatim
317 435 388 479 tero
408 414 442 477 de
464 413 552 479 serris
572 421 603 479 ia
624 438 684 502 cap.
707 423 831 496 Dignum
854 420 926 481 ude
966 439 1010 482 vae
1032 418 1148 482 Littera
1167 418 1361 482 declaratoriae
1392 441 1421 482 re
1445 423 1573 489 nitantur
1603 430 1640 493 ad
1670 451 1751 494 ater·

63 515 119 572 124
139 496 265 577 conjugio
279 496 442 574 servorum.
465 496 506 558 Et
526 499 642 560 tandem
664 502 698 562 de
729 498 813 562 Filiis
842 501 924 563 sami·
967 498 1085 561 tendum
1107 496 1289 572 scandalum,
1312 520 1347 561 ne
1369 440 1503 565 vidilicet
1525 505 1615 588 aliqui
1647 511 1749 588 rudes,

137 575 190 637 lias
212 576 272 655 poll
294 574 365 638 alias
394 574 551 640 sandliones
585 577 726 644 indicatas
755 581 791 642 ab
820 581 924 652 Juenin
965 580 995 639 dr
1017 576 1085 650 juris
1106 578 1195 658 ignari
1225 576 1366 642 sumerent
1396 582 1573 648 occasunem
1606 587 1747 665 scandali,

137 659 174 719 tle
193 658 375 717 Matrimonia
395 656 499 735 differt.
523 660 882 742 to.quell.5.tap.3.art.
898 682 923 725 r.
964 659 1094 721 videntes
1114 677 1172 721 non
1194 654 1272 720 fuisse
1292 657 1482 740 dispensatum
1506 664 1535 727 in
1565 669 1654 747 gradu
1686 691 1750 754 pro·

138 733 273 799 delinivit
293 736 408 798 Concil.
429 739 635 818 Tridentffeff.
649 762 696 818 ²4·
712 758 771 821 cap.
794 763 820 804 r.
835 743 869 802 de
883 766 922 802 re·
964 738 1130 878 pinpuiori,
1155 737 1222 801 licet
1242 737 1358 802 aliunde
1380 743 1478 820 regula
1498 746 1569 816 juris
1593 749 1649 822 lit,
1670 751 1752 830 quod

132 818 248 895 sumat.
281 820 446 880 Matrinum.
475 819 524 880 ubi
554 823 737 884 anathemate
767 823 922 902 percutit,
963 839 1014 899 gra
1036 839 1067 881 ut
1088 818 1229 882 remotior
1251 819 1391 893 imbibit,
1413 823 1444 883 δι
1464 824 1554 887 trabit
1575 828 1611 891 ad
1633 828 1659 890 se
1682 850 1747 911 pro·
1785 857 1812 898 ·.

136 901 186 978 qui
201 896 276 975 falso
295 897 434 974 affirmant
455 902 640 961 Matrimonia
660 925 678 961 tt
692 899 768 976 filiis
795 903 925 979 familias
964 898 1176 980 pinqulorem,
1208 899 1250 962 nti
1273 900 1308 961 ad
1331 921 1391 962 tem
1422 922 1660 983 argumentantur
1692 911 1750 972 Do·

132 979 193 1053 siut
213 983 339 1057 consensu
355 995 500 1059 parentum
520 980 658 1042 contrasln
678 985 761 1044 irrita
780 982 831 1062 effe
853 1028 862 1056 ,
884 984 924 1044 (t
958 980 1076 1051 -dlores3
1097 979 1139 1040 Et
1160 978 1203 1040 ita
1225 978 1341 1043 resolvit
1364 981 1442 1043 Sacr.
1465 986 1625 1067 Congreg..
1644 990 1749 1053 conci.

135 1075 267 1142 parentes
287 1081 318 1118 ea
338 1078 417 1134 rata,
439 1083 472 1120 ac
492 1064 572 1121 irrita
596 1064 690 1139 fatere
715 1063 813 1145 paffr.
847 1062 926 1126 Vide
965 1058 999 1120 lii
1019 1078 1096 1121 anno
1120 1079 1207 1138 ¹7²²·
1229 1065 1259 1122 in
1279 1065 1361 1141 causa
1382 1065 1536 1127 Luceomeu.
1556 1073 1752 1145 Matrimonii;

60 1155 116 1218 125
141 1137 240 1216 supra,
262 1139 293 1200 dt
313 1140 394 1202 verb.
416 1138 616 1203 Exheredatia.
637 1142 719 1204 Hinc
740 1141 925 1207 eorumnali-
966 1140 1044 1202 Cum
1066 1137 1145 1200 enim
1176 1141 1238 1221 poll
1266 1140 1417 1204 obtentam
1448 1167 1466 1206 a
1489 1150 1598 1224 Joanne
1627 1153 1751 1242 sapien,

141 1217 229 1281 ditari
258 1235 315 1280 non
346 1219 460 1283 obllant
491 1221 622 1303 quadam
652 1224 715 1285 alia
735 1226 824 1305 Leges
843 1223 926 1286 Civi·
968 1219 1008 1282 (t
1028 1219 1187 1296 Constantia
1212 1220 1394 1287 Radziovila
1415 1225 1613 1306 Apollolicam
1643 1228 1752 1311 dispen-

143 1297 203 1374 les,
225 1299 320 1378 pollen
340 1298 369 1361 in
392 1298 517 1375 Gallia,
547 1319 598 1363 aut
627 1302 697 1364 alibi
730 1304 793 1367 lata
813 1327 821 1374 ;
842 1303 926 1366 adeo·
968 1297 1108 1361 sationem
1131 1297 1211 1382 super
1231 1320 1353 1382 quarto,
1384 1322 1444 1383 quo
1474 1324 1557 1370 erant
1587 1310 1751 1389 conjundli,

143 1399 200 1461 que
220 1377 295 1440 dille
316 1380 452 1446 validitas
473 1383 510 1444 ell
530 1382 566 1443 ab
586 1381 739 1465 Episcopis
760 1386 789 1446 in
808 1383 923 1465 suisSy·
965 1376 1222 1460 consanguinitatis
1251 1384 1369 1462 gradu,
1409 1404 1592 1467 compertum
1625 1388 1749 1466 suisset,

141 1457 225 1522 nodis
244 1459 428 1524 declaranda.
452 1463 531 1525 Idem
552 1458 593 1523 ib.
615 1486 690 1524 num.
715 1484 744 1544 5.
965 1456 1042 1541 ipsos
1063 1478 1121 1521 non
1142 1479 1237 1539 quarto
1258 1481 1392 1538 rantum,
1414 1461 1460 1528 sed
1479 1473 1582 1544 tertio,
1605 1470 1636 1532 dt
1656 1493 1752 1552 quarto

63 1540 120 1600 rat
181 1541 410 1622 Matrimonium
432 1541 559 1605 validum
582 1541 621 1604 est
643 1544 718 1606 inter
750 1544 918 1620 Vitricum,
961 1538 1095 1621 gradibus
1116 1537 1194 1603 fusile
1213 1545 1401 1618 0⁰⁰l⁰nfl⁰82
1423 1544 1454 1607 ἃ
1476 1548 1667 1614 nihilomiuus
1689 1552 1748 1633 pla·

139 1621 171 1683 dt
191 1639 309 1685 uxorem
332 1622 480 1704 priuigni,
503 1641 554 1692 nec
576 1622 611 1683 ad
622 1622 692 1684 illud
711 1626 919 1705 pertinentim·
962 1621 1062 1683 cuisl'tt
1102 1621 1282 1702 Exequutori
1322 1622 1560 1707 dispensationem
1602 1631 1748 1711 prolatam

164 1701 309 1763 edimenta
329 1698 498 1774 affinitatis,
520 1719 570 1763 aut
606 1701 727 1782 publicat
756 1703 928 1769 bonellatis.
968 1701 1154 1784 exequutioni
1175 1702 1362 1779 demandare,
1383 1723 1450 1769 otta
1471 1707 1586 1772 subinde
1605 1708 1660 1774 suit
1680 1733 1747 1775 con·

141 1719 222 1841 ldem
244 1779 286 1843 ib.
309 1798 368 1861 rap.
412 1807 441 1860 9.
459 1799 510 1864 per
528 1798 577 1842 tat.
601 1783 678 1846 Vide
697 1801 763 1846 tunt.
786 1807 814 1862 7.
845 1786 923 1848 verb.
967 1781 1106 1846 troverfia
1137 1780 1219 1865 super
1248 1784 1440 1850 Matrimonii
1461 1787 1637 1866 validitate,
1660 1812 1749 1872 eaque

140 1863 274 1936 Vitricus,
298 1862 346 1923 ubi
368 1804 405 1921 ad
425 1860 454 1920 id
475 1863 579 1923 dantur
600 1861 722 1928 Decreta
739 1866 827 1927 Sacra
846 1868 923 1929 Con·
965 1863 1002 1926 ad
1023 1863 1100 1925 Sacr.
1121 1860 1387 1945 congregationem
1408 1865 1519 1945 delata,
1540 1871 1686 1953 proposito
1699 1873 1749 1937 du.

140 1941 314 2022 gregationis
335 1938 482 2002 Consilii.
964 1943 1034 2005 bio:
1056 1948 1103 2003 An
1124 1944 1219 2022 constet
1238 1943 1273 2005 de
1292 1947 1421 2009 nullitate
1438 1953 1616 2013 Matrimonii
1626 1996 1634 2018 ,
1657 1952 1711 2015 Die
1721 1976 1751 2031 7.

65 2040 121 2100 ¹²7
182 2020 411 2082 Matrimonium
441 2023 620 2084 contrarium
653 2023 726 2087 inter
755 2028 922 2099 conjuntios
963 2022 1139 2105 Septembris
1173 2037 1259 2102 17'20.
1292 2028 1403 2108 prodiit
1435 2028 1600 2113 responsum*
1628 2031 1719 2096 dilata
1737 2045 1755 2109 ,‘

145 2101 252 2174 tertio,
273 2101 303 2163 δι
324 2118 429 2182 quarto
449 2103 536 2183 gradu
547 2104 725 2186 duplicibus,
748 2107 867 2169 obtenta
880 2109 921 2168 di·
964 2104 1003 2164 (a
1025 2104 1065 2166 ad
1083 2119 1226 2180 mentem,
1257 2126 1320 2201 qua
1340 2105 1426 2185 brit,
1457 2126 1491 2174 ut
1519 2111 1750 2194 perquirerentur

140 2179 317 2263 sponsatione
338 2179 417 2262 super
439 2187 544 2255 tertio,
568 2187 598 2246 dr
618 2203 721 2268 quarto
737 2186 920 2267 simpliciter,
964 2184 1083 2263 Regella
1105 2185 1228 2248 Datariae
1249 2208 1326 2251 circa
1346 2188 1482 2273 Stylum,
1503 2194 1747 2275 tamantiquum,

139 2263 178 2324 esl
200 2260 329 2323 nullum.
352 2263 492 2326 Benedidl.
521 2267 609 2328 XIV.
641 2266 800 2342 Conslitut,
833 2268 921 2349 incip.
962 2282 1050 2342 quam
1074 2266 1242 2328 modernum
1265 2270 1435 2333 concedendi
1457 2271 1696 2350 Declaratorias,
1719 2276 1750 2337 bt

139 2340 203 2416 Etfi
224 2344 464 2405 Matrimonialit.
486 2347 516 2421 §.
540 2351 569 2407 6.
588 2344 819 2409 Matrimonium
850 2367 919 2412 con·
961 2346 1084 2407 Perinde
1102 2347 1213 2428 valere..
1237 2347 1403 2418 Pervolutls
1424 2349 1513 2431 igitur
1537 2354 1661 2416 Datatiae
1691 2357 1748 2419 Re·

138 2420 261 2484 trailnm
292 2443 351 2485 non
387 2424 527 2505 expeditis
565 2425 670 2489 litteris
712 2426 793 2510 super
832 2429 921 2511 gradu
960 2425 1069 2506 gellis,
1102 2425 1181 2489 illius
1208 2424 1356 2493 Officiales
1385 2427 1539 2495 discursum
1573 2454 1748 2509 enatarunt,

139 2502 320 2585 proximiore
358 2503 387 2566 in
426 2502 633 2585 dispensatione
679 2525 736 2571 non
768 2509 923 2592 expresso,
964 2525 1024 2645 δυο
1045 2505 1174 2588 pluribus
1197 2507 1289 2571 innixi
1312 2510 1501 2586 rationibus,
1533 2511 1577 2574 sed
1611 2514 1751 2596 precipue

140 2583 179 2646 est
199 2582 355 2660 illicitum,
378 2582 423 2648 sed
443 2601 541 2649 tamen
563 2585 720 2651 validum.
752 2590 832 2654 Idem
868 2587 922 2653 ibl-
993 2588 1107 2663 atariae,
1129 2588 1159 2651 δι
1180 2588 1364 2653 Cancellariae
1383 2590 1489 2672 Stylo,
1513 2593 1655 2658 ollendere
1678 2592 1750 2658 sata·

142 2666 207 2726 dem
228 2665 257 2741 §.
280 2668 308 2727 6.
1003 2684 1088 2743 runt,
1110 2668 1189 2731 nulla
1210 2667 1319 2753 semper
1339 2670 1369 2733 δι
1392 2669 1518 2735 invalida
1539 2672 1641 2737 habita
1673 2673 1752 2740 suill'e

62 2742 122 2804 118
183 2744 414 2811 Matrimonium
445 2749 624 2813 contradlnm
655 2773 673 2812 a
703 2752 864 2828 conjunsiis
894 2753 924 2814 in
964 2689 1165 2812 Matrimonia
1185 2751 1332 2814 contradit
1352 2750 1427 2814 inter
1446 2754 1615 2828 conjundlos
1649 2759 1748 2834 tertio,

140 2826 249 2901 tertio,
271 2826 301 2888 u
322 2846 427 2908 qnatto
446 2830 730 2972 consanguiniprtis,
765 2834 810 2899 vel
832 2832 924 2896 affini·
966 2828 1113 2911 &quarto
1133 2831 1282 2911 gradibus,
1305 2830 1413 2915 pratia
1432 2830 1639 2914 dispensatione
1670 2835 1751 2914 supet

140 2908 211 2969 tatis
231 2907 382 2988 gradibus,
406 2913 512 2994 praevia
532 2912 629 2993 dispett

141 2988 180 3050 du
202 2988 352 3052 remotiori
362 3006 495 3067 tantum,
518 2992 822 3088 omissoproximtorr,
843 2995 925 3055 dum·
968 3008 1109 3052 tattonem
1132 2987 1214 3072 super
1233 3010 1291 3053 non
1312 2991 1674 3060 obstantiatertiiteticiti.
1698 3000 1752 3064 Sed

141 3068 230 3130 modo
261 3068 309 3131 hic
340 3070 466 3150 primum
499 3090 557 3132 non
588 3089 716 3152 attingas
743 3093 927 3155 quocumque
968 3069 1088 3152 Prosper
1107 3069 1309 3134 Lambertinus
1329 3089 1400 3135 tunt
1420 3074 1508 3135 Sacra
1541 3077 1749 3158 Congregatio·

140 3148 247 3224 modo,
268 3149 307 3213 ell
328 3148 478 3226 validum,
500 3150 569 3215 licet
591 3151 729 3215 illicitum
750 3175 759 3226 ;
780 3156 926 3230 Quamvis
966 3151 1012 3212 nis
1033 3151 1225 3224 steteramus,
1246 3149 1346 3215 deinde
1365 3153 1526 3218 cardinalis
1546 3199 1555 3230 ,
1578 3176 1611 3219 ac
1632 3160 1749 3221 tandem

141 3230 219 3371 enirtpl
232 3228 384 3369 sl'iusslV.
406 3251 460 3374 pto
491 3232 602 3314 Regula
630 3232 817 3310 decreverit,
846 3236 924 3317 quod
966 3231 1103 3293 Summus
1123 3230 1257 3295 Pontifex
1281 3230 1329 3293 sub
1352 3233 1477 3295 nomina
1496 3236 1638 3299 Benedidli
1661 3240 1748 3301 XIV.
1819 3269 1822 3276 =

141 3312 171 3372 ln
221 3309 229 3370 i
280 3311 404 3373 nationi

140 3392 202 3454 lum
224 3328 531 3471 glinnemonensis,
555 3393 599 3457 sed
621 3395 712 3458 etiam
735 3395 924 3480 propinqnio
966 3413 1048 3478 rtrum
1070 3389 1223 3455 discursum
1245 3390 1408 3472 impressum
1431 3395 1493 3477 post
1521 3393 1623 3459 solium
1659 3400 1749 3460 dillri·

103 3521 107 3528 ,
142 3473 198 3544 ria,
221 3470 345 3552 expressa
367 3474 478 3536 mentio
500 3474 558 3536 fieri
583 3477 727 3550 deberet,
759 3477 834 3539 itaut
865 3497 924 3539 nott
965 3474 1068 3540 butum
1090 3473 1136 3535 die
1158 3474 1206 3536 28.
1228 3478 1319 3537 Mart.
1353 3495 1439 3556 17²²·
1468 3496 1527 3556 quo
1558 3475 1750 3558 respondendo

141 3552 214 3615 satta
235 3551 383 3617 mentione
403 3574 456 3639 pro
479 3555 637 3637 inquioris,
659 3555 922 3640 dispensatio-nul·
965 3555 1039 3635 llylo
1062 3554 1207 3629 Datatite,
1228 3554 1383 3649 exemplis,
1406 3556 1437 3617 δι
1457 3555 1616 3650 rationibus
1638 3578 1686 3640 per
1717 3558 1751 3620 il·

142 3634 198 3698 lius
217 3635 282 3699 esset
303 3635 431 3711 roboris,
454 3575 484 3699 dt
507 3640 672 3711 momenti3
695 3656 792 3701 tamen
816 3639 928 3701 §.Pius
969 3634 1025 3697 lius
1045 3632 1192 3697 Officiales
1210 3635 1372 3716 expositis,
1394 3635 1586 3699 Matrimonii
1615 3639 1750 3702 validita-

142 3716 184 3777 V.
214 3717 372 3781 Conllitur.
405 3718 493 3798 incip.
525 3720 736 3799 Sandliffintut,
778 3719 928 3782 revocavit
969 3733 1029 3778 tem
1052 3716 1161 3779 ilrenue
1181 3717 1394 3797 propugnavit.
1416 3715 1501 3780 Unde
1522 3737 1575 3798 pro
1617 3718 1666 3782 lita
1696 3721 1748 3783 ire·

164 3813 283 3859 uantum
305 3797 341 3859 ad
362 3798 418 3861 hoc
437 3798 542 3862 didlam
574 3801 744 3883 Regulam,
773 3797 818 3862 seu
848 3800 926 3861 Con·
969 3817 1032 3857 tum
1056 3795 1154 3858 eadem
1177 3797 1259 3857 causa
1280 3798 1329 3859 sub
1350 3793 1536 3878 infrascriptis
1589 3799 1691 3871 ubiis3
1722 3804 1747 3862 i.

140 3815 320 3940 litationem
351 3877 398 3939 Pii
430 3879 486 3941 IV.
515 3881 547 3943 bt
576 3881 730 3945 innovavit
761 3880 803 3942 Re
825 3878 924 3955 ulam,
967 3882 1016 3939 An
1035 3876 1129 3954 totllrt
1148 3876 1183 3937 de
1203 3878 1334 3940 nullitate
1353 3881 1546 3954 Mammonii,
1570 3880 1752 3959 &quatenus

141 3954 189 4021 seu
209 3957 454 4022 constitutionem
477 3961 613 4042 Gregorii
634 3963 690 4023 Xl.
725 3959 754 4021 dt
785 3901 922 4023 Clemen·
965 3958 1153 4034 affimatioe:
1179 3961 1221 4019 st.
1243 3962 1289 4020 An
1310 3961 1410 4022 Ptince
1427 3980 1442 4020 t
1453 3961 1575 4036 Jotnuts
1595 3965 1749 4054 §apicula-

144 4037 184 4099 tis
202 4038 261 4099 Vl.
293 4039 470 4114 llatuendo,
501 4044 579 4120 quod
611 4044 639 4104 in
670 4037 925 4125 dispensationibus
965 4040 1025 4102 slat
1037 4038 1077 4115 fit
1095 4036 1230 4101 inhabilis
1249 4043 1290 4101 ad
1309 3978 1517 4102 emundandum
1536 4045 1751 4104 Murimonium

141 4117 243 4199 gradm
264 4120 405 4183 remotior
424 4123 643 4198 attenderetur,
673 4123 704 4184 δι
738 4122 863 4184 traheret
883 4119 923 4185 se·
966 4143 1029 4183 tum
1047 4120 1115 4180 aliis
1135 4119 1301 4182 Mulieridut
1321 4124 1463 4201 inraso?
1494 4121 1535 4182 Et
1564 4121 1640 4182 dieta
1668 4123 1752 4184 Sarra

142 4219 208 4260 eum
230 4200 332 4282 propin
356 4200 491 4277 niorem;
511 4204 541 4265 dt
562 4205 598 4265 fic
617 4208 695 4286 quod
717 4199 854 4265 sufficeret
875 4223 923 4266 ex·
966 4200 1163 4282 Congregatio
1184 4200 1231 4259 die
1252 4202 1300 4262 28.
1324 4208 1413 4263 Mart.
1454 4219 1540 4277 1722.
1572 4199 1749 4282 Respondit:

143 4280 266 4360 primate
286 4301 318 4362 gt
356 4301 404 4343 um
426 4285 640 4360 remotiorem,
675 4283 803 4348 obtentis
824 4300 922 4346 tamen
964 4281 1013 4342 Ad
1049 4287 1151 4341 timum
1173 4285 1340 4363 Negative,
1371 4282 1409 4345 (a
1441 4282 1590 4362 Episcopus
1618 4280 1748 4355 mandet,

143 4361 239 4440 possea
260 4358 340 4437 super
367 4363 455 4444 gradu
476 4365 676 4447 propinquiori
689 4362 817 4434 ,Litteris
840 4366 922 4446 Apo
963 4386 1014 4443 quo
1055 4363 1178 4444 conjuges
1198 4364 1354 4423 continuent
1385 4365 1416 4425 in
1440 4363 1637 4443 separatione,
1669 4360 1750 4423 donet

142 4438 267 4515 llolicis,
290 4440 319 4502 in
340 4443 444 4522 quibus
464 4445 623 4507 declaretur
650 4458 710 4519 non
741 4444 849 4507 obssare
882 4465 922 4506 re·
964 4444 1131 4505 obtinuerint
1151 4445 1273 4504 Litteras
1293 4442 1509 4508 Declaratorias.
1531 4441 1748 4521 Alsietinam,

142 4520 293 4583 titentiam
315 4521 417 4603 gradus
437 4521 653 4608 propinquioris
673 4569 682 4587 .
710 4523 854 4600 Quamvis
874 4546 922 4588 ve·
960 4526 1104 4605 provisum
1124 4525 1154 4584 in
1171 4524 1278 4605 primo,
1303 4523 1342 4586 (ἓν
1363 4526 1501 4606 amplius.
1523 4523 1568 4585 Sic
1583 4525 1610 4582 in
1627 4522 1747 4602 Theseu

143 4619 175 4662 ro
196 4600 429 4669 Matrimonium
453 4608 482 4668 in
504 4604 630 4671 talicasu
640 4606 673 4670 stt
684 4606 834 4682 validum,
855 4624 923 4669 con·
964 4628 993 4666 ro
1015 4605 1217 4687 Resolutiouum
1238 4608 1300 4667 sac.
1323 4609 1424 4687 Congu.
1446 4605 1551 4668 concil.
1582 4602 1654 4666 dissi
1681 4610 1749 4666 anni

1620 4704 1706 4762 1722.

644 2913 845 3011 ationisupaf
862 2935 925 2996 gra.
965 2927 1064 3003 quarto
1084 2912 1172 2990 gradu
1193 2929 1335 2985 tautum,
1370 2911 1401 2973 dr
1430 2933 1488 2975 non
1509 2915 1629 2980 obtenta
1657 2917 1750 2981 decla·

428 3333 460 3374 us
489 3312 762 3378 Matrimonialibus
791 3334 849 3377 non
883 3320 925 3377 lo·
967 3313 1089 3375 alterurn
1112 3308 1278 3375 efformavit
1299 3311 1511 3390 dodliffimnm,
1535 3317 1566 3378 δι
1595 3318 1749 3381 eruditisli.
