3984 5284
510 134 786 218 uterer
844 134 1395 236 PROHIBITI.
1626 172 1705 255 373

159 249 286 325 ria',A
328 245 515 331 phtegmata,
547 244 780 317 umilirudines,
812 245 942 324 Indices,

158 329 280 402 &huju
295 328 393 404 modi,
417 326 518 407 stquae
541 326 665 389 habeant
693 327 845 401 admixta,
881 347 943 407 quae
1128 325 1157 388 R
1196 326 1225 388 E
1265 325 1295 388 G
1336 327 1365 388 U
1406 325 1433 389 L
1473 330 1505 390 A
1567 333 1628 395 IX.

155 408 365 507 expurgatione
386 407 553 488 indigeant,
578 406 636 469 illis
665 404 823 490 Episcopi,
844 408 876 472 δι
899 410 947 469 Ιη-

152 490 319 576 qmlitoris,
352 509 410 553 ona
439 507 505 550 cum
536 487 757 568 theologorum
787 486 946 551 catholico·
1028 483 1109 547 Libri
1130 503 1251 562 omnes,
1274 485 1305 549 δι
1327 484 1431 570 scripta
1459 488 1673 571 Geomantia,
1706 496 1771 578 Hy.

158 593 224 637 rum
244 568 384 648 consilio,
407 567 556 646 sublatis,
587 584 638 633 aut
668 568 853 646 emendatis,
883 588 945 653 pet·
985 564 1179 641 dromanriae,
1195 568 1418 661 Artemonem,
1441 569 1658 652 pyromantia,
1689 577 1772 640 Ono·

154 654 333 720 mittamur.
984 648 1122 723 mantia,
1146 647 1377 724 Chrromantiae,
1406 648 1640 728 Necromantiae,
1661 653 1720 722 stne
1742 658 1773 720 in

987 729 1092 810 quibus
1112 726 1300 792 continentur
1328 727 1500 811 sortilegia,
1534 733 1692 811 veneficia,
1725 758 1773 800 au·

299 812 330 876 R
368 812 398 875 E
437 811 468 876 G
508 810 539 873 U
581 812 606 873 L
645 810 677 873 A
738 812 807 874 v1.
988 810 1089 890 gutia,
1122 808 1278 892 auspicia,
1311 809 1521 876 incantationes
1550 814 1621 878 artis
1653 818 1774 900 magica

987 889 1100 971 prorsus
1121 891 1311 965 rejiciuntur.

198 973 281 1040 Libri
305 972 419 1056 vulgari
441 970 582 1036 idiomate
610 970 644 1032 de
674 968 873 1036 controversiis
902 970 945 1034 in·
1027 969 1164 1054 Episcopi
1185 991 1256 1036 vero
1276 969 1429 1052 diligenter
1450 971 1639 1055 provideant,
1672 997 1707 1041 ne
1729 983 1771 1042 Α.

158 1076 207 1124 tar
228 1053 418 1127 catholicos,
447 1054 479 1114 u
508 1052 656 1116 hereticos
690 1053 776 1115 noslri
807 1053 949 1134 temporis
988 1050 1129 1133 slrologia
1158 1051 1320 1124 iudiciaria
1348 1052 1434 1127 libri,
1464 1052 1629 1129 tractatus,
1666 1058 1774 1124 indicat

155 1137 342 1211 disserentes,
364 1155 422 1198 nou
444 1131 544 1216 passum
566 1132 791 1217 permittantur,
813 1132 947 1197 sedidem
987 1130 1138 1214 legentur,
1159 1131 1206 1197 vel
1228 1130 1404 1205 habeantur,
1426 1133 1477 1216 qui
1506 1134 1542 1199 cle
1572 1132 1675 1200 futuris
1703 1159 1771 1203 con·

151 1221 191 1282 de
214 1218 251 1280 iis
271 1213 416 1290 servetur,
438 1213 515 1295 quod
547 1214 582 1278 de
610 1214 714 1277 Bibliis
748 1213 861 1296 uulgari
890 1213 945 1276 liu·
987 1212 1166 1296 tingentibus
1187 1210 1372 1288 successrbus,
1395 1212 1557 1280 fortuitisve
1575 1217 1701 1295 cafibus,
1722 1238 1775 1286 aut

155 1319 217 1383 gua
239 1296 351 1380 scriptis
370 1297 508 1359 statutum
531 1295 588 1358 ell.
963 1320 966 1326 ·
988 1293 1024 1355 iis
1045 1292 1225 1367 asiiouibus,
1244 1313 1308 1375 qua
1328 1293 1365 1355 ab
1386 1294 1513 1358 humana
1533 1296 1684 1362 voluntate
1706 1319 1773 1383 pen·

197 1379 259 1454 Qui
281 1398 352 1442 vero
372 1376 407 1439 de
428 1376 539 1439 ratione
560 1374 631 1438 bene
652 1372 790 1450 vivendi,
813 1390 943 1440 rontem-
984 1373 1071 1447 dent,
1093 1391 1172 1437 certo
1190 1373 1303 1455 aliquid
1314 1392 1485 1439 eventurum
1496 1374 1638 1444 affirmate
1650 1381 1774 1452 audent.

152 1458 277 1544 piandi,
307 1455 493 1530 confitendi,
530 1475 563 1515 ac
594 1452 736 1517 similibus
765 1455 944 1534 argumentis
1028 1453 1210 1518 Permittunt
1249 1473 1346 1519 autem
1381 1455 1517 1531 judicia,
1558 1458 1589 1521 δι
1631 1462 1774 1526 naturales

152 1538 273 1622 vulgari
296 1536 426 1601 sermone
445 1532 601 1616 conscripti
621 1533 705 1610 sunt,
728 1533 749 1596 st
779 1533 875 1597 sanam
898 1536 948 1599 do·
987 1532 1220 1610 observationes,
1241 1554 1305 1629 qua
1335 1536 1550 1616 navigationis,
1574 1539 1776 1621 agriculturas

33 1662 36 1666 ,
98 1631 109 1644 ”
155 1621 283 1684 ditinum
304 1617 502 1688 contineant,
535 1636 593 1677 non
628 1615 666 1677 eli
696 1634 748 1676 cur
776 1616 946 1698 probibean·
988 1614 1045 1679 srve
1066 1615 1183 1679 medica
1203 1631 1274 1678 arrrs
1294 1615 1426 1689 juvandae
1458 1620 1580 1702 gratia,
1612 1622 1776 1706 conscripta

153 1719 230 1770 rur,
253 1698 334 1760 nenti
364 1716 416 1759 nec
448 1693 591 1760 sermones
620 1694 803 1778 populatas,
834 1697 947 1778 vulgari
989 1693 1074 1760 sunt.

155 1780 261 1856 lingua
282 1776 442 1859 prohibiti.
742 1834 759 1838 ,

196 1857 502 1933 Ωιιοάῦίιιθοηυς,
534 1855 565 1916 ἰη
595 1853 698 1938 aliquo
734 1857 868 1937 Regno,
898 1854 946 1920 vel
1140 1855 1170 1919 R
1210 1856 1238 1918 E
1278 1855 1309 1919 G
1348 1857 1379 1920 U
1419 1860 1447 1922 L
1487 1860 1519 1924 A
1579 1861 1618 1924 X.

154 1940 316 2005 Provincia
345 1937 437 2018 aliqui
468 1935 535 1999 libri
566 1934 629 1998 sunt
663 1936 836 2019 prohibiti,
868 1937 947 2017 quod

150 2020 302 2083 nonnulla
322 2020 512 2092 contineant,
534 2037 597 2097 que
618 2017 674 2081 sine
694 2015 804 2080 detecte
823 2017 860 2078 ab
879 2040 944 2082 om·
1028 2017 1062 2080 In
1094 2014 1255 2092 librorum,
1287 2016 1447 2082 aliarumve
1479 2019 1682 2102 scrIptutarum
1715 2024 1769 2086 im-

148 2101 243 2163 nibus
264 2098 321 2180 legi
344 2119 403 2162 non
433 2096 599 2180 expediat,
631 2098 653 2159 sr
683 2117 784 2161 eorum
816 2097 945 2160 auderes
985 2096 1123 2178 pressione
1144 2096 1287 2172 servetur,
1317 2101 1397 2180 quod
1427 2100 1458 2162 in
1487 2101 1623 2164 Concilio
1654 2101 1771 2168 Latera·

153 2180 304 2247 catholici
337 2177 430 2252 suut,
460 2179 610 2260 poliquam
641 2177 787 2241 emendati
817 2175 951 2252 fiterint,
994 2178 1070 2240 nensr
1090 2176 1141 2240 sub
1161 2181 1258 2241 Leone
1278 2181 1316 2240 x,
1340 2178 1396 2242 sess.
1412 2202 1460 2243 20.
1480 2179 1584 2244 saiIum
1607 2180 1669 2244 est'.

150 2260 295 2346 permitti
316 2260 352 2326 ab
372 2256 538 2342 Episcopo,
562 2260 593 2322 bc
614 2258 788 2339 Inquifitote
798 2273 953 2340 poterunt.
1034 2259 1130 2331 Quare
1152 2258 1171 2318 fi
1193 2259 1221 2317 in
1245 2261 1338 2321 Alma
1359 2261 1437 2325 Urbe
1459 2261 1556 2324 Roma
1578 2259 1649 2325 liber
1669 2263 1778 2344 aliquis

904 2367 906 2373 ⁸
990 2338 1024 2400 lit
1046 2336 1271 2420 imprimendos,
1294 2360 1343 2418 per
1373 2341 1524 2404 Vicarium
1556 2342 1669 2404 Summi
1701 2345 1775 2407 Pon·

283 2423 312 2486 R
353 2420 382 2485 E
422 2420 452 2482 G
493 2418 524 2481 U
564 2420 592 2482 L
629 2420 663 2484 A
722 2421 819 2484 VII.
989 2417 1098 2494 cilicis,
1120 2418 1151 2480 ἃ
1172 2420 1250 2481 Sacri
1272 2417 1377 2481 Palatii
1410 2421 1604 2502 Magistrum,
1636 2421 1682 2485 uel
1714 2443 1775 2505 per·

989 2498 1088 2563 sonam
1109 2519 1127 2561 a
1147 2497 1278 2563 Saniiiss.
1294 2497 1390 2563 Dom-
1412 2504 1454 2564 N.
1476 2501 1668 2585 deputandam
1698 2505 1777 2588 prius

197 2582 301 2660 Libri,
330 2579 381 2663 qui
413 2601 456 2647 res
485 2577 633 2656 lascivas,
674 2578 721 2644 seu
749 2578 883 2645 obscenas
911 2602 948 2645 ex
989 2581 1211 2646 examinentur.

151 2664 284 2749 professo
305 2661 451 2736 tresiani,
474 2679 613 2738 narrant,
633 2678 683 2725 aot
712 2660 848 2737 docent,
880 2682 947 2725 cum
1030 2662 1064 2723 In
1086 2659 1150 2724 aliis
1170 2682 1241 2725 vero
1272 2659 1344 2726 lucis
1372 2660 1408 2723 acl
1439 2662 1585 2746 Episcopo
1606 2662 1655 2727 vel
1684 2664 1774 2729 alium

149 2767 220 2810 non
243 2745 336 2808 solum
360 2741 461 2816 Fidei,
483 2740 528 2805 sed
548 2744 579 2804 bc
601 2762 739 2818 morum,
771 2743 822 2825 qui
854 2741 947 2818 hujus·
989 2741 1144 2805 habentem
1168 2741 1317 2805 scientiam
1339 2741 1513 2825 libriscripti
1528 2743 1715 2826 imprimendi
1737 2747 1773 2809 ab

149 2825 244 2891 rnodi
274 2825 415 2888 libmrum
445 2822 568 2887 leslione
606 2820 689 2886 facile
727 2824 875 2903 corrumpi
907 2822 950 2887 so·
991 2824 1093 2886 eodem
1114 2823 1262 2906 Episcopo
1281 2825 1499 2906 deputandum,
1521 2845 1554 2887 ac
1576 2826 1775 2906 inquisitorem

148 2908 242 2982 lent,
264 2905 339 2968 ratio
360 2903 490 2967 habenda
510 2903 561 2978 fir,
594 2902 719 2967 omnino
740 2904 950 2983 prohibentur,
992 2903 1132 2967 hereticae
1154 2905 1308 2986 prauitatis
1330 2907 1389 2976 ejus
1408 2905 1569 2980 Civitatis,
1590 2905 1638 2970 uel
1662 2906 1775 2973 Dioece·

145 2987 185 3050 ἀ
209 2987 264 3067 qui
284 3006 334 3051 eos
353 2982 507 3048 habuerint
527 2982 622 3047 severe
650 2984 687 3047 ab
716 2981 869 3065 Episcopis
898 3002 948 3067 pu·
991 2983 1042 3059 su,
1067 2985 1173 3067 inqua
1193 2982 1431 3065 imprelliofiet,
1453 2991 1516 3061 ejus
1529 2987 1722 3069 approbatio,
1745 2990 1778 3052 &

148 3067 299 3130 niantur.
989 3085 1109 3127 examen
1169 3065 1293 3141 rtineat,
1315 3066 1530 3162 &percorum
1546 3087 1685 3142 manum,
1708 3089 1775 3151 pro·

197 3146 332 3228 Antiqui
354 3164 424 3210 veto
444 3142 480 3207 ab
501 3142 639 3207 Erhnicis
660 3141 815 3227 conscripti
826 3162 946 3241 propter
987 3147 1051 3228 pria
1072 3084 1276 3229 subsiiprione
1295 3162 1405 3228 gratis,
1426 3147 1457 3209 ἃ
1478 3148 1534 3212 fine
1557 3149 1696 3213 dilatione
1718 3149 1774 3216 im·

147 3224 300 3291 sermonis
320 3222 515 3309 elegantiam,
536 3226 804 3321 &proprietatem
827 3241 944 3308 permut·
987 3225 1173 3367 &nendam
1197 3225 1382 3319 subponis,
1405 3227 1436 3288 ἃ
1456 3227 1578 3293 censuris
1609 3230 1639 3291 in
1669 3229 1770 3295 eodem

147 3324 285 3382 tuntur3
305 3306 385 3372 nulla
406 3319 507 3373 tamen
528 3322 640 3373 retrone
659 3307 755 3390 puetis
782 3306 949 3391 praelegendi
1020 3323 1117 3370 ecreto
1137 3323 1301 3382 contentus,
1323 3307 1516 3390 approbatum
1537 3309 1591 3373 bac
1623 3309 1712 3390 lege,
1743 3311 1774 3372 bc

146 3404 264 3453 erunt.
989 3387 1158 3453 conditione
1177 3387 1293 3462 addita,
1315 3406 1348 3452 ut
1379 3388 1546 3471 exemplum
1575 3388 1643 3452 libri
1675 3391 1775 3462 impri-

988 3469 1085 3533 mendi
1106 3469 1324 3543 authenticum,
1347 3470 1378 3532 δι
1399 3489 1488 3532 manu
1510 3468 1646 3550 Auiioris
1660 3469 1774 3534 subscri·

280 3550 307 3613 R
346 3549 376 3614 E
416 3548 447 3612 G
487 3550 517 3612 U
557 3550 584 3612 L
623 3550 655 3613 A
716 3549 835 3613 VIII.
988 3567 1072 3633 ptum
1094 3551 1171 3631 apud
1192 3548 1431 3614 Examinatorem
1453 3567 1623 3615 remaneat.

1029 3632 1090 3694 Eos
1117 3652 1208 3706 vero,
1242 3630 1294 3711 qui
1323 3629 1437 3696 libellos
1467 3631 1678 3714 manuscriptos
1710 3631 1774 3698 uul-

196 3710 303 3786 Libri,
324 3729 448 3804 quotum
480 3711 637 3794 principale
666 3728 867 3794 argumentum
898 3709 948 3773 bo
989 3730 1080 3810 gant,
1105 3713 1155 3776 nili
1176 3728 1244 3775 ante
1264 3712 1441 3789 examinati,
1463 3712 1635 3796 probatique
1648 3711 1773 3786 suerinr,

146 3812 233 3855 num
256 3791 308 3866 esl,
334 3811 364 3852 rn
386 3792 607 3872 quibuscamen
629 3792 724 3857 obiter
744 3791 842 3873 aliqua
864 3790 947 3856 inser·
990 3792 1209 3876 risclempoenis
1229 3791 1328 3866 subjici
1351 3794 1450 3858 debere
1479 3795 1643 3866 judicarunt
1675 3795 1775 3857 Patres

145 3890 186 3935 ra
211 3870 297 3945 sont,
318 3889 381 3952 qua
409 3873 445 3936 ad
476 3874 629 3946 herefim,
660 3872 705 3937 serr
737 3873 947 3955 impietatem,
988 3874 1138 3956 deputati,
1160 3874 1479 3956 quibusimpressores.
1501 3873 1614 3955 Ecqui
1645 3894 1695 3937 eos
1724 3874 1774 3937 ba·

143 3950 394 4028 divinationem,
420 3952 466 4017 seu
486 3954 712 4036 superllitionem
744 3953 760 4015 s
838 3970 896 4031 nt,
930 3974 949 4017 a
987 3955 1120 4031 buerint,
1142 3956 1173 4018 ἃ
1195 3954 1411 4036 Ιοςετίυε,ἠὶΐι
1433 3952 1575 4019 Audiores
1594 3954 1774 4038 prodierint,

144 4034 316 4098 catholicis
336 4035 500 4130 Theologis
520 4035 717 4118 Inquisrrionis
767 4034 946 4101 eneralisau·
987 4056 1042 4120 pro
1062 4035 1237 4100 Ausloribus
1259 4035 1440 4100 habeantur.

145 4115 298 4180 &oritate
317 4133 471 4197 expurgari
490 4118 608 4179 concedi
631 4116 760 4197 possunt.
832 4123 853 4150 ·'
1027 4114 1093 4199 lpsa
1113 4136 1183 4180 vero
1204 4113 1366 4189 hujusmodi
1398 4115 1538 4182 librorum
1570 4116 1706 4199 probatio
1741 4116 1770 4177 in

196 4197 286 4260 Idem
310 4197 448 4269 judicium
471 4197 505 4260 srt
527 4198 561 4259 de
583 4197 731 4279 prologis,
764 4196 943 4274 summariis,
986 4198 1099 4282 scriptis
1119 4198 1222 4272 detur,
1246 4197 1276 4260 &
1298 4196 1326 4257 in
1349 4196 1442 4260 fronte
1466 4197 1551 4271 libri,
1583 4196 1630 4258 vel
1653 4195 1772 4277 scripti,

146 4276 202 4342 seu
226 4277 489 4352 annotationibus,
510 4280 615 4360 quaest
649 4279 804 4342 damnatis
824 4279 945 4344 auRori·
987 4283 1033 4345 vel
1056 4278 1180 4360 impressu
1202 4278 1367 4342 authentice
1382 4283 1537 4360 appareat,
1560 4278 1770 4359 probatioque,

113 4359 231 4433 ¹bos,
255 4358 336 4421 libris
356 4379 415 4422 non
437 4360 583 4423 damnatis
611 4360 745 4440 appofirae
775 4359 866 4440 sunt,
902 4358 947 4425 sed
988 4364 1179 4433 &vetamem
1201 4378 1233 4420 ac
1254 4374 1349 4421 cetera
1369 4359 1460 4437 gratis
1480 4355 1573 4421 fiant.

146 4440 279 4524 poslhac
300 4441 412 4504 nonnisi
432 4440 578 4506 emendati
589 4441 786 4507 excudentur.
1032 4443 1168 4504 Praeterea
1190 4438 1219 4500 in
1241 4438 1357 4519 srngulis
1377 4439 1574 4533 Civitatibus,
1591 4459 1629 4534 ⁹ae
1659 4433 1774 4528 Dicaea·

991 4522 1081 4595 subus,
1105 4521 1238 4593 Domus,
1260 4519 1306 4583 vel
1330 4521 1421 4594 Locr,
1444 4520 1492 4581 ubt
1514 4540 1558 4580 ars
1591 4516 1769 4599 rmptessotta

595 4661 597 4666 χ
994 4602 1208 4678 exercetur,&
1238 4599 1419 4667 bibliotheca
1447 4598 1588 4662 librorum
1619 4594 1771 4663 uenalium

244 4682 335 4746 Tou.
365 4685 406 4747 V.
1398 4682 1456 4742 Aa
1498 4699 1513 4760 3
1687 4675 1731 4740 sae·
