3984 5284
439 45 1467 193 Mururmo‘nrumanrnr.
1618 93 1706 203 487

90 210 123 270 ιι
189 196 260 261 Alia
281 195 347 260 vide
369 195 448 260 verb.
470 198 647 259 Adulterium
667 242 676 273 ,
698 196 855 260 Benedisiio
882 217 936 260 nrt.
978 197 1187 261 custodiendo.
1217 198 1304 273 Quod
1326 197 1344 258 st
1366 199 1441 260 intra
1462 199 1570 264 didon
1604 205 1763 270 terminum

146 304 175 358 4.
201 280 430 341 Denuntiationer
451 281 650 340 Matrimonii.
673 281 855 340 orooninn.
879 284 935 342 lm·
977 299 1035 341 non
1059 276 1161 353 fuerit,
1183 295 1216 340 ut
1238 275 1319 360 supra
1341 320 1351 353 ,
1375 279 1586 357 notificatum,
1618 286 1763 351 tenebitur

143 365 303 446 pedimenta
324 361 503 429 Matrimonii
511 401 519 420 .
542 356 703 421 Parnassus.
726 360 892 440 sponsalia.
975 355 1137 439 Episcopus
1157 357 1271 421 reddere
1291 373 1394 420 notum
1408 358 1515 424 ditium
1527 363 1764 430 Matrimonium

90 452 128 509 re
189 442 293 517 Quoad
314 437 518 512 validitatem,
541 440 571 500 dt
595 438 809 502 invalidiratem
824 438 935 500 Matri·
975 435 1133 513 secretum,
1156 459 1174 498 a
1194 457 1253 517 quo
1274 455 1354 501 certo
1377 437 1446 504 sciat
1466 458 1563 504 ortam
1586 444 1637 508 esse
1657 446 1764 510 didam

151 524 317 585 moniorunt
348 518 522 582 attendenda
550 520 588 582 esl
625 520 748 581 omnino
788 517 941 584 novisima
980 517 1093 599 prolem
1119 516 1193 579 ‚Et
1213 517 1296 592 hujus
1325 519 1361 581 stc
1392 519 1624 586 contrahentium
1653 525 1764 608 obliga·

151 601 330 665 Conslitutio
351 599 464 662 Summi
500 597 659 664 Pontificio.
680 598 824 663 Benedisli
852 600 939 662 XIV.
980 598 1093 673 tionis,
1118 594 1298 680 aliarumque
1318 597 1542 684 praescriptarum
1564 622 1658 667 rerum
1681 625 1767 670 erunt

151 683 240 765 incip.
262 685 318 742 Dei
336 683 524 760 mt'seratione,
546 679 576 740 iu
595 699 653 822 poa
682 678 837 775 prescribit
864 679 940 742 ordi·
982 676 1054 743 serio
1074 676 1212 742 monendi
1233 699 1252 741 a
1270 678 1450 758 Sacerdote,
1469 684 1698 766 antequam'tali
1718 707 1767 750 eo-

152 783 237 839 nem,
259 763 289 824 &
310 758 435 822 sormam
456 758 595 824 observan
616 780 663 822 am
686 780 714 820 tn
736 757 852 834 judiciis
872 780 938 822 cau·
981 779 1046 822 rum
1069 758 1268 823 Matrirnonio
1288 758 1411 822 assrslat.

152 843 243 905 sarum
265 839 535 903 Matrimonialium
560 838 642 923 lirper
661 838 843 903 validitatem
867 840 935 901 Ma·
1019 838 1093 901 Alia
1111 856 1199 922 qoam
1235 859 1286 904 uta
1307 837 1363 903 buc
1384 840 1577 918 revocabiiia,
1598 844 1646 908 vel
1666 845 1762 912 adhu-
1784 854 1826 929 64

152 923 376 996 trimoniorum,
399 920 430 983 dr
450 919 591 994 mandat,
609 919 639 981 in
658 919 742 982 omni
765 919 887 982 Dioeceli
899 921 939 983 ab
977 916 1052 992 iusce
1072 920 1172 1001 magni
1212 937 1370 985 aeramentt
1414 919 1553 986 leniorem
1566 942 1683 1004 captum
1694 948 1762 990 ero·

106 1043 109 1048 >
150 999 310 1066 Ordinatio
342 1000 415 1064 loci
445 999 609 1082 eligendum
640 1000 693 1064 esse
723 997 859 1078 idoneum
895 1001 939 1065 vi·
980 999 1129 1082 ptabilia,
1163 998 1219 1063 suis
1248 1001 1279 1063 in
1311 940 1474 1082 resprgivis
1493 1004 1670 1085 alphabetice
1694 1006 1766 1072 locis

150 1105 240 1159 rum,
263 1081 282 1143 o
303 1077 363 1143 fieri
385 1079 500 1162 positt,
530 1079 757 1144 Ecclesiasticum
787 1083 938 1142 Monimo·
980 1081 1177 1161 reperiuntur,
1199 1082 1231 1147 dr
1251 1078 1407 1163 prasertim
1428 1082 1459 1144 in
1480 1086 1569 1147 verbo
1584 1088 1627 1146 lm
1646 1087 1766 1150 edinen·

150 1170 255 1226 niuem
275 1162 441 1241 defensorem
461 1161 655 1235 vocandum,
683 1162 737 1243 ⁴qui
759 1160 795 1223 ad
822 1180 940 1224 omnem
983 1178 1017 1220 ta
1036 1163 1234 1235 Matrimonii,
1257 1161 1305 1224 nbi
1327 1160 1415 1225 etiam
1436 1160 1520 1227 sudus
1539 1185 1602 1247 qua
1622 1100 1672 1229 sic
1702 1165 1764 1230 bre·

32 1255 44 1266 ”
150 1245 247 1308 alium
268 1241 435 1317 judicialem
456 1237 542 1305 citari
562 1239 675 1305 debebit
696 1285 706 1313 ,
728 1242 760 1305 dt
782 1241 939 1304 interveni·
982 1240 1060 1303 viter
1077 1242 1204 1304 arcada.
1353 1255 1362 1270 ’

151 1348 197 1399 re,
219 1326 251 1388 bc
270 1343 373 1400 voce,
406 1323 437 1386 δι
472 1320 583 1403 scriptis
614 1319 795 1384 validitatem
830 1321 938 1383 Matri·
1020 1319 1149 1385 Additur
1178 1319 1228 1384 bic
1250 1321 1429 1386 'attendenda
1458 1320 1593 1392 resolutio
1625 1324 1769 1411 sequentis

152 1406 246 1469 monii
267 1402 431 1477 defendere,
453 1401 484 1465 bt
504 1399 645 1483 appellare
666 1421 684 1461 a
704 1400 799 1481 prima
829 1398 938 1465 senten·
979 1398 1090 1464 Dubii.

151 1488 224 1561 tia,
254 1485 346 1547 fiisia
365 1482 554 1548 declaraverit
585 1478 744 1543 invalidum
780 1480 949 1544 Matrinio
976 1559 977 1562 Ἴ
1132 1479 1302 1546 DUBIUM
1321 1482 1625 1550 MATRIMOrrIr.

103 1585 109 1612 ι’
150 1568 250 1629 nium.
273 1566 375 1627 Immo
393 1565 484 1645 potest
507 1558 651 1642 appellare
671 1559 761 1622 etiam
783 1581 802 1622 a
822 1558 942 1624 secunda
1563 1631 1567 1636 ⁴

147 1646 292 1709 conformi
314 1646 420 1725 priori,
443 1644 462 1706 st
484 1645 535 1724 ipst
556 1638 694 1703 defensori
716 1640 847 1705 videatur
876 1662 936 1705 rna·
976 1643 1094 1722 Seqtttnt
1125 1646 1203 1724 cesus
1231 1649 1323 1708 same
1353 1646 1572 1710 Punitentierie
1598 1645 1767 1730 propositio,
1923 1695 1928 1702 ,

145 1725 241 1789 nisesle
264 1725 387 1798 iniusta,
409 1725 439 1784 a
459 1725 548 1786 etiam
569 1741 588 1783 a
607 1719 721 1795 tertia,
755 1721 775 1782 li
806 1721 870 1785 esset
893 1743 934 1786 re·
1012 1724 1090 1800 fnit,
1114 1725 1154 1788 <b
1174 1723 1216 1785 ad
1232 1723 1305 1787 bant
1325 1731 1437 1790 Sacram
1450 1731 1691 1810 congregationem
1713 1746 1768 1813 pro

146 1805 296 1871 vocatoria
315 1802 436 1876 alicujus
455 1804 572 1868 alterius
592 1800 773 1885 praecedentis
793 1802 823 1863 iu
851 1800 929 1868 savo·
1009 1802 1143 1881 menstede
1160 1805 1324 1887 rentiffiu.⁴
1772 1827 1775 1836 ·
1846 1833 1849 1836 ·

145 1908 206 1951 rem
228 1883 391 1949 validitatis
411 1882 590 1947 Matrimoni
611 1881 749 1965 prolata.
1488 1920 1491 1924 ›

87 1974 122 2049 ἀς
183 1965 288 2040 Quoad
318 1963 517 2027 Matrimonia
546 1962 717 2027 attendenda
758 1963 797 2026 esi
839 1963 929 2028 etiam
1023 1966 1164 2044 Ulanus,
1194 1969 1226 2031 dt
1257 1967 1342 2032 Betta
1376 1968 1607 2032 Matrimonium
1639 1970 1714 2033 inter
1735 1968 1766 2032 se

144 2048 201 2110 alia
232 2041 389 2108 novissima
419 2043 566 2127 disposnio
598 2041 742 2106 Benedici
770 2043 857 2106 le.
898 2044 929 2106 in
1043 2048 1240 2122 contraeimi,
1262 2050 1368 2112 statum
1391 2048 1470 2110 sunm
1486 2051 1610 2114 liberum
1625 2051 1766 2132 probave-

144 2123 360 2190 Constitutione
382 2121 476 2206 incip.¹
491 2130 571 2189 Satis
590 2122 695 2197 vome,
718 2122 748 2184 in
769 2142 828 2204 qua
849 2121 934 2186 refert
975 2142 1043 2188 runt
1063 2127 1141 2207 apud
1160 2127 1237 2189 Afra
1266 2130 1366 2190 Curia
1392 2128 1603 2272 Episcopelis,
1633 2130 1771 2192 instantes

104 2247 108 2254 -
142 2205 270 2291 plurima
292 2203 389 2277 mala,
411 2224 475 2287 qua
495 2206 525 2267 in
546 2207 606 2268 dies
625 2204 796 2266 oriuntura
825 2202 934 2266 Matri·
976 2203 1113 2278 subinde,
1135 2206 1397 2284 iuberii‘atocho,
1420 2224 1490 2272 uta
1530 2210 1639 2272 trinam
1653 2209 1762 2272 denun-

143 2284 251 2350 moniis
270 2282 410 2364 occultis,
430 2301 483 2349 aut
512 2283 720 2350 conscientia.
751 2282 823 2346 inde
853 2304 933 2346 man·
975 2283 1131 2348 cittionem
1175 2285 1338 2348 rocederer.
1365 2288 1538 2369 interrogati
1561 2288 1765 2353 autemaNo-

143 2369 194 2431 dat
215 2363 388 2448 Episcopis,
410 2381 443 2429 ut
464 2387 524 2430 non
545 2366 580 2430 de
601 2363 680 2428 sacili
700 2361 859 2445 dispensent
890 2362 932 2428 su·
975 2364 1069 2439 tario,
1091 2303 1225 2445 quisitor
1245 2364 1311 2427 eliet
1331 2385 1431 2429 eorum
1453 2366 1598 2446 Paroclrus
1617 2368 1629 2430 l
1649 2364 1764 2449 respou-

111 2468 205 2592 'sir‘s
226 2444 595 2593 ‘'iiiiilbiirni‘,
626 2442 935 2588 libibinis
974 2445 1334 2621 ill'cstrrrsz‘r
1350 2450 1531 2591 ilari
1544 2447 1765 2591 §sorbo

22 2583 31 2590 ‚
222 2572 231 2604 r
1566 2572 1573 2588 ·
1754 2573 1767 2602 o

145 2606 280 2673 celebrari
301 2626 399 2670 coram
444 2608 586 2683 atocho,
616 2623 666 2668 aut
686 2604 781 2670 altero
802 2606 934 2685 delegato
975 2626 1007 2667 tn
1038 2608 1117 2677 cujus
1150 2605 1291 2672 Patocbia
1329 2607 1502 2688 iampridem
1541 2607 1764 2684 habitaverant,

144 2687 312 2763 Sacerdote,
335 2689 366 2750 δι
386 2689 501 2752 testibus
530 2685 740 2753 confidentibus
772 2686 836 2767 ipses
865 2706 932 2748 con-
976 2683 1022 2749 sed
1044 2704 1112 2748 ttntc
1130 2687 1270 2769 temporis
1280 2706 1339 2748 non
1351 2686 1539 2751 habitabant.
1565 2686 1690 2750 Ferasiis
1708 2688 1764 2750 ita·

144 2768 344 2842 trahentibus,
360 2769 401 2830 ita
423 2787 455 2832 ut
477 2769 631 2834 celebratio
652 2765 845 2829 Matrimonii
867 2763 930 2861 pos·
971 2786 1029 2908 pue
1052 2787 1070 2828 a
1091 2768 1223 2830 Parocho
1244 2768 1271 2829 S.
1293 2768 1437 2830 Demetrii
1459 2772 1547 2842 juxta
1568 2767 1617 2830 libi
1627 2767 1766 2830 traditam

142 2851 177 2912 sit
199 2868 343 2913 remanere
364 2846 486 2924 secreta,
508 2851 540 2914 dt
559 2845 701 2913 occulta.
734 2848 929 2910 Interventen·
984 2843 1140 2909 acuitatem
1160 2845 1447 2921 denuntiationibus,
1469 2848 1607 2930 nulloque
1638 2847 1761 2931 impedi-

141 2947 173 2994 te
192 2946 290 2992 tamen
311 2931 382 3001 julia
404 2951 437 2992 ur
456 2946 521 2993 ente
543 2929 626 2994 causa
660 2926 806 3009 permittit
837 2927 926 2988 etiarn
968 2937 1072 2988 mento
1089 2925 1221 3002 detesto,
1243 2924 1416 2991 Ordinarius
1438 2928 1605 3010 impertitus
1625 2928 1664 2989 est
1695 2926 1763 2990 soli·

105 3037 109 3048 ·
139 3009 201 3152 {psa
223 3009 418 3072 Matrimonia
437 2952 567 3083 icereta,
591 3007 708 3090 ,quibus
728 3004 841 3068 debebit
861 3004 925 3068 assi·
967 3024 1032 3071 ram
1052 3005 1203 3068 licentiam
1225 3027 1275 3089 per
1295 3005 1405 3070 diuum
1427 3010 1591 3073 Notarium
1612 3007 1761 3073 extensam

163 3111 211 3154 ere
231 3089 373 3152 parochus
394 3087 514 3160 alicujus
533 3109 569 3151 et
590 3086 857 3163 contrahentibus,
878 3103 929 3148 avt
970 3085 1094 3150 subhac
1116 3088 1270 3150 verborum
1293 3085 1440 3152 formula.

141 3171 263 3233 attentis
282 3168 491 3232 circumstantis
519 3169 592 3232 alter
622 3166 758 3232 Sacerdos
787 3165 825 3227 ab
857 3165 926 3246 Epi·
1009 3208 1028 3241 „
1050 3167 1253 3231 Concediamo
1273 3165 1382 3230 licenza
1403 3169 1430 3230 al
1452 3171 1577 3232 Parroco
1607 3169 1636 3231 di
1650 3171 1678 3234 S.
1699 3169 1758 3233 De·

140 3250 229 3331 scopo
250 3249 418 3331 delegatus.
440 3249 499 3324 Qui
522 3272 557 3313 ert
580 3252 621 3314 eis
640 3248 759 3321 assistet,
782 3245 929 3325 consigna·
970 3289 991 3322 „
1014 3245 1121 3309 mettio
1143 3246 1173 3307 di
1194 3264 1278 3330 potet
1298 3245 1417 3311 assisiere
1438 3248 1465 3311 al
1489 3249 1684 3314 Marcimenio
1713 3266 1759 3312 tra

142 3329 307 3393 redebebit
327 3327 473 3410 Episcopo
495 3328 635 3413 scriptum
655 3330 861 3391 documentum
883 3346 928 3389 ce·
969 3369 991 3401 „
1016 3325 1148 3420 Folano,
1171 3348 1189 3390 e
1210 3329 1312 3403 Berta,
1334 3329 1474 3394 ambedue
1505 3328 1580 3393 della
1613 3329 1661 3393 sua
1690 3329 1759 3392 Par·

143 3411 312 3474 lebtationis
331 3408 400 3472 dieti
421 3409 632 3486 Matrimonii,
655 3408 740 3481 loci,
772 3406 930 3487 temporis,
973 3447 998 3482 „
1021 3406 1144 3468 rochta.

142 3492 175 3554 br
195 3490 331 3566 testium,
352 3488 431 3585 quod
460 3489 496 3553 ab
526 3491 672 3573 Episcopo
702 3486 751 3550 stet
782 3484 931 3549 transcribi
1013 3485 1199 3551 celebratum
1217 3486 1340 3576 proinde
1369 3487 1423 3552 suit
1444 3509 1544 3553 coram
1564 3490 1640 3553 ticio
1673 3492 1760 3553 Paro·

144 3572 175 3632 in
198 3571 274 3634 libro
296 3569 482 3652 particulari,
503 3572 534 3633 bt
553 3570 685 3634 dillinslo
706 3565 932 3631 continenteso·
976 3565 1036 3630 diro
1056 3568 1088 3631 dc
1108 3568 1241 3630 Tesiibus
1260 3567 1513 3632 Matrimonium:
1537 3572 1592 3633 Sed
1654 3570 1674 3630 sl
1709 3569 1764 3632 ali·

142 3650 174 3711 la
194 3649 393 3715 Matrimonia
416 3648 546 3726 secreta,
576 3654 629 3731 qui
658 3649 729 3712 liber
749 3646 886 3719 clausus,
903 3647 935 3709 δι
974 3648 1052 3727 qvod
1073 3666 1188 3731 tempus
1217 3647 1343 3711 Fulanus
1375 3649 1496 3712 Librum
1526 3648 1764 3714 moraemcase

144 3730 283 3811 sigillatus
303 3730 358 3794 erit
381 3727 576 3795 custodiendus
596 3734 624 3793 in
655 3727 836 3791 cancellaria
865 3728 935 3809 Epi·
978 3727 1074 3809 legens
1105 3727 1243 3803 invenit,
1273 3749 1459 3794 communem
1489 3730 1543 3795 esse
1571 3729 1665 3794 senten
1694 3750 1762 3806 arn,

143 3809 273 3893 scopali.
296 3810 326 3872 Si
347 3808 480 3874 nascatur
500 3811 595 3894 proles
624 3833 657 3875 er
689 3809 795 3872 talibus
828 3808 936 3870 Matri·
1000 3809 1055 3871 uod
1076 3810 1111 3871 ad
1132 3808 1323 3872 Matrimonii
1333 3809 1514 3874 validitatem
1526 3811 1647 3891 requirit
1674 3829 1764 3894 rpra-

146 3891 276 3967 moniis,
298 3890 500 3971 baptizabitur
531 3893 560 3952 in
595 3889 749 3986 respediiva
783 3887 939 3965 Hadria,
976 3828 1228 3963 <iecttiallaroehi,
1253 3888 1486 3953 saltemuniuser
1501 3890 1761 3955 contrahentibus:

144 3971 351 4052 notabiturque
377 3970 406 4033 in
438 3972 527 4034 Libro
561 3971 772 4054 baptismorum
803 3970 859 4033 stne
888 3990 940 4033 no·
982 3970 1056 4032 unde
1078 3967 1214 4033 consultis
1234 3969 1361 4050 pluribus
1382 3969 1592 4046 Confessariis,
1623 3971 1692 4050 quid
1714 3969 1765 4031 stbi

104 4069 115 4088 ··
142 4052 224 4114 mine
246 4050 449 4125 Genitorum,
472 4052 502 4113 bt
523 4052 695 4116 tenebuntur
716 4051 759 4112 illi
793 4049 940 4111 immedia-
982 4048 1123 4130 agendum
1145 4049 1233 4113 esset?
1254 4048 1345 4113 suasus
1367 4050 1440 4124 suit,
1463 4067 1495 4112 ut
1515 4069 1572 4113 nna
1593 4049 1673 4111 srmul
1696 4070 1766 4113 cum

140 4152 189 4210 te,
211 4131 258 4196 vel
282 4131 415 4196 mediate
438 4132 515 4194 intra
534 4134 689 4196 terminum
723 4130 846 4211 triginta
879 4130 939 4193 die·
984 4133 1070 4194 Berta
1090 4128 1256 4193 consensum
1279 4147 1429 4196 renovaret
1450 4150 1549 4192 coram
1571 4132 1689 4214 proptio
1711 4131 1764 4192 Pa·

142 4232 205 4275 rum
227 4210 333 4273 diiiam
363 4211 476 4292 prolem
510 4214 660 4280 notificare
690 4209 862 4293 Episcopo,
893 4233 939 4274 et·
982 4212 1090 4286 rocho,
1112 4213 1143 4274 δι
1162 4211 1322 4273 Tellibos..
1357 4215 1402 4274 At
1432 4210 1585 4287 Fulanus,
1617 4209 1766 4291 explorata

138 4292 292 4374 primendo
327 4291 456 4367 locum,
490 4309 633 4378 tempus,
662 4292 788 4373 aliasque
819 4292 940 4356 circum·
983 4294 1073 4355 Bertre
1094 4291 1263 4362 voluntate,
1285 4313 1321 4353 an
1342 4289 1424 4364 casu,
1447 4311 1505 4371 quo
1527 4311 1584 4353 non
1605 4290 1766 4368 essetipsos

139 4373 257 4435 slaurias
285 4370 400 4434 collati
430 4373 597 4457 Baptismi.
628 4376 714 4450 Quod
744 4389 841 4436 totum
873 4393 939 4434 cum
981 4373 1117 4446 Cnnjur,
1138 4371 1227 4433 vellet
1249 4372 1299 4433 stbi
1319 4368 1584 4435 Matrimonialiter
1612 4369 1763 4450 copulari,

140 4454 259 4515 nomine
280 4454 468 4517 Genitorum
497 4456 611 4520 debebit
642 4453 790 4517 transcribi
822 4455 850 4515 in
881 4451 940 4516 alio
981 4451 1141 4533 responsum
1165 4450 1265 4514 habuit
1286 4451 1413 4515 absolute
1435 4450 1620 4531 negativum.
1643 4448 1765 4512 Nihilo·

110 4549 119 4584 τ
139 4532 214 4597 libro
235 4531 348 4596 eisdem
372 4536 495 4604 cautelis
516 4537 546 4600 in
568 4535 750 4602 Cancellaria
770 4531 938 4619 Episcopali
981 4533 1102 4612 minos,
1124 4529 1225 4597 habita
1247 4532 1485 4676 nupeanotl'pia,
1504 4530 1582 4613 quod
1612 4529 1690 4669 inter¹
1716 4529 1764 4592 de-

1482 4630 1504 4688 4
1664 4630 1722 4674 ca·
