3984 5284
288 135 370 219 374
605 53 1483 187 Ltssnrnnournrnr.

229 223 326 302 sepius
355 212 505 279 vifiteotur
534 233 552 275 a
572 211 699 298 perionis
730 214 765 277 ad
793 213 821 276 id
850 213 1020 296 deputandis
1063 206 1258 351 inquisitionis
1277 205 1419 270 Romanae
1437 199 1579 284 descripta
1596 196 1726 266 sannio:
1746 197 1783 265 D.
1799 202 1841 266 Ν.

227 303 265 363 ab
289 293 395 378 Episco
417 315 463 370 o,
486 293 543 358 five
564 299 623 367 ejus
641 294 787 369 Vicario,
818 311 907 375 atque
928 295 1017 355 etiam
1059 295 1090 364 ju
1112 312 1129 352 u
1149 287 1264 354 tradat.
1527 360 1534 377 ⁹
1635 362 1642 378 ¹

228 379 265 444 ab
296 377 382 459 inqui
395 392 466 438 iture
495 375 633 437 hereticae
663 374 844 457 pravitatis,
880 380 913 436 tit
942 371 1017 435 nihil
1100 370 1148 435 Ad
1171 385 1334 433 extremum
1364 385 1434 432 vero
1454 361 1589 429 omnibus
1607 363 1755 429 Frdelibus
1775 382 1840 444 pre·

226 479 356 532 eorum,
386 476 449 538 qua
478 454 693 537 prohibentur,
723 470 773 517 aut
804 450 1016 535 imprimatur,
1056 449 1192 533 cipitur,
1214 448 1334 530 nequis
1354 447 1455 512 audeat
1476 458 1577 509 contra
1598 446 1700 539 hafum
1721 442 1841 539 llegula-

224 559 276 606 aut
296 538 454 610 vendatur,
475 551 528 599 aut
547 533 705 599 habeatur.
879 543 884 554 “
1057 552 1121 595 rum
1142 528 1356 614 praescriptum,
1377 543 1429 591 aut
1447 526 1532 599 buius
1553 524 1841 609 Indictsptuhrbrtro·

266 622 379 684 Omnes
398 636 468 681 vero
492 613 644 691 Librarii,
674 612 899 696 &quicumque
928 613 1016 676 libro·
1057 633 1143 687 nem,
1166 609 1256 674 libros
1275 607 1389 690 aliquos
1409 607 1435 672 le
1456 627 1520 680 ete,
1541 622 1592 669 aut
1611 605 1732 671 habete.

225 723 291 767 rum
314 698 479 764 venditores
499 695 624 758 habeant
646 694 675 756 in
698 694 754 759 suis
767 694 954 759 bibliothecis
969 696 1017 755 In·
1098 691 1185 770 Quod
1207 691 1226 752 sr
1246 690 1311 773 quis
1331 688 1420 753 libros
1436 628 1661 781 haereticorum,
1683 684 1731 750 vel
1752 683 1840 758 cuius·

225 785 320 847 dicem
342 778 481 841 librorum
504 775 652 839 venalium
673 821 683 850 ,
704 796 777 858 quos
798 776 927 850 habent,
948 793 1015 836 cum
1057 774 1103 838 vis
1123 772 1247 837 audictis
1267 768 1399 853 scripta,
1420 766 1459 834 ob
1478 766 1626 856 haeresum,
1656 767 1704 831 vel
1723 763 1841 861 ‘'hfilfi

226 861 327 928 subscri
350 861 431 922 tione
459 856 598 920 didiarum
620 856 804 940 personarum
824 879 833 928 3
868 875 919 920 nec
939 855 1013 917 alios
1053 853 1198 937 dogmatis
1219 849 1405 935 suspicionem
1428 850 1567 942 damnata
1585 865 1671 929 atque
1692 846 1840 929 ptohrbrta

222 945 315 1009 libros
331 881 486 1014 habeant,
509 956 558 1002 aut
580 938 730 1012 vendant,
760 954 811 1001 aut
830 955 1011 1018 quacumque
1053 934 1177 1016 legerit,
1201 933 1257 996 srve
1273 931 1429 1027 habuerit,
1450 928 1547 996 diatim
1559 950 1589 991 ru
1607 928 1839 992 excommunica·

219 1025 335 1089 ratione
356 1019 471 1083 tradant
500 1018 556 1083 sene
577 1017 697 1082 licentia
726 1018 893 1082 eommdem
923 1017 958 1079 de
980 1036 1010 1076 u·
1049 1015 1141 1078 tionis
1161 1014 1330 1076 sententiam
1352 1027 1496 1074 incurrat.

219 1123 351 1172 tatorum
373 1098 422 1163 sub
442 1117 528 1181 poena
547 1098 704 1163 amilhonis
725 1099 882 1172 librorum,
902 1034 1012 1158 &aliis
1092 1094 1153 1171 Qui
1174 1113 1243 1158 vero
1272 1092 1388 1185 libros,
1409 1090 1469 1154 alio
1504 1090 1624 1154 nomine
1646 1088 1838 1186 interdidlos,

221 1184 344 1249 arbitrio
364 1178 595 1264 Episcopomm,
616 1180 664 1245 vel
686 1178 891 1259 Inquisitorum
913 1175 1008 1258 impo-
1050 1175 1178 1257 legerit,
1201 1188 1251 1236 aut
1273 1171 1427 1250 habuerat,
1449 1186 1551 1250 prater
1626 1186 1684 1233 catr
1705 1172 1839 1234 mortalis

220 1264 343 1335 nendis;
363 1262 520 1342 Emptores
540 1280 628 1336 vero,
650 1258 801 1334 Ledores,
823 1258 871 1323 vel
886 1253 1009 1340 Impres-
1050 1273 1179 1330 reatum,
1200 1273 1261 1335 quo
1280 1249 1423 1328 afficitur,
1444 1250 1552 1326 iudicio
1565 1190 1776 1339 Episcopum
1798 1250 1838 1316 se-

222 1344 297 1410 sores
319 1342 473 1406 eorundem
494 1342 615 1404 arbitrio
635 1340 808 1424 puniantur.
1013 1406 1014 1409 ,
1050 1358 1118 1400 vere
1138 1335 1294 1419 puniatur.

259 1424 348 1501 Quod
369 1422 390 1483 su
409 1420 499 1502 aliqui
513 1422 601 1484 libros
620 1418 813 1502 quoscumque
836 1417 867 1479 in
880 1416 1009 1499 aliquam

220 1506 385 1570 Civitatem
407 1502 617 1576 introducant,
652 1516 802 1563 teneantur
822 1497 921 1563 iisdem
943 1517 1008 1579 pet·
1049 1496 1261 1580 obseruationes
1282 1494 1321 1556 ad
1343 1495 1478 1576 Regulam
1499 1497 1650 1576 quartam,
1673 1493 1713 1559 (a
1733 1520 1848 1575 nomm,

220 1586 297 1649 sonis
326 1583 495 1666 deputandis
516 1581 695 1651 enuntiares
726 1578 814 1645 velsr
846 1578 926 1643 locus
956 1597 1009 1659 pu·
1149 1578 1302 1642 Clementis
1321 1578 1408 1656 Papa
1428 1580 1513 1638 VIII.
1532 1578 1608 1658 jaffe
1622 1576 1728 1654 falia,

217 1666 311 1733 blicus
333 1663 474 1726 mercibus
503 1661 642 1736 ejusmodi
671 1660 841 1723 constitutus
862 1659 924 1732 fir,
955 1659 1009 1718 mi·
1235 1662 1323 1721 Circa
1342 1677 1473 1738 quartam
1492 1659 1655 1741 Regulam.

218 1745 301 1809 nillri
322 1741 430 1825 publici
462 1744 521 1816 ejus
542 1741 626 1818 loci,
659 1739 801 1823 pradidlis
830 1737 956 1821 personis
977 1739 1008 1799 fi·
1226 1797 1228 1802 .

217 1824 354 1908 gnificent
376 1822 463 1887 libros
483 1822 535 1888 elle
555 1819 709 1887 addudlos.
1120 1813 1404 1884 Nimadvertendum
1445 1819 1484 1880 eli
1527 1818 1604 1883 eirca
1646 1820 1834 1904 lupradidlam
1877 1839 1881 1856 ¹

260 1907 361 1984 Nemo
381 1925 454 1968 vero
476 1904 578 1968 audeat
598 1901 704 1965 librum
721 1947 730 1978 ,
750 1921 837 1984 quem
860 1898 940 1997 ipse,
961 1897 1008 1962 vel
1142 1916 1275 1982 quartam
1297 1899 1437 1981 Regulam
1453 1899 1561 1963 Indicis
1581 1899 1629 1967 iel.
1648 1922 1695 1966 ree
1718 1903 1763 1964 Pii
1779 1904 1835 1966 IV.

216 1985 291 2050 elius
321 1986 350 2046 in
381 1982 544 2048 Civitatem
574 1982 760 2057 introducitl,
793 1981 878 2044 alicui
911 1981 1006 2060 legen·
1049 1978 1160 2042 nullam
1190 1980 1335 2064 perhanc
1356 1978 1596 2060 impreffionem,
1625 1983 1657 2045 dr
1676 1982 1832 2048 editionem

214 2069 284 2131 dum
306 2064 434 2140 tradere,
456 2066 503 2129 vel
524 2063 623 2144 aliqua
642 2063 754 2125 ratione
774 2062 925 2135 alienare,
956 2075 1007 2122 aut
1048 2061 1084 2120 de
1104 2079 1183 2124 novo
1204 2060 1294 2123 tribui
1326 2059 1492 2123 facultatem
1514 2059 1831 2144 Episoopis‚vel1n.

212 2145 426 2218 commodare,
457 2144 510 2207 nili
530 2140 639 2208 olienso
659 2141 738 2225 prius
758 2142 860 2218 libro,
891 2139 923 2201 dt
952 2140 1001 2201 ha·
1041 2137 1242 2219 quisitoribus,
1262 2158 1312 2203 aut
1326 2140 1512 2223 Regularium
1526 2144 1741 2226 Superioribus,
1760 2165 1829 2208 coo·

213 2229 277 2293 hita
305 2224 461 2287 licentiaa
489 2222 615 2307 personis
644 2222 838 2304 deputandis,
869 2236 921 2283 aut
950 2217 1002 2280 nili
1043 2220 1158 2283 cedendi
1180 2220 1328 2287 licentiam
1351 2222 1487 2298 emendi,
1519 2224 1546 2288 le
1566 2224 1660 2298 endi,
1692 2242 1742 2287 aut
1763 2226 1830 2290 reri·

212 2306 329 2371 notorie
350 2304 480 2379 constet,
502 2303 607 2367 librum
629 2306 689 2378 jam
713 2300 765 2365 etse
784 2299 919 2364 omnibus
940 2319 1004 2382 per·
1043 2300 1130 2384 nendi
1152 2300 1247 2366 Bibiia
1266 2302 1381 2381 vulgari
1403 2302 1502 2384 lingua
1522 2246 1626 2380 edre,
1649 2326 1713 2368 cum
1736 2305 1829 2371 bedie-

213 2387 350 2452 milsum.
1044 2403 1098 2446 nus
1119 2381 1256 2446 mandato
1275 2426 1285 2457 ,
1307 2385 1338 2445 δι
1358 2381 1410 2445 usu
1427 2383 1536 2446 Sandiae
1558 2385 1697 2448 Romana
1718 2385 1832 2451 univer·

254 2467 335 2531 Idem
356 2484 471 2560 quoque
491 2462 618 2529 servetur
639 2462 675 2525 ab
695 2460 861 2539 heredibus,
882 2461 915 2525 dt
934 2483 1001 2528 exe·
1041 2460 1105 2526 salis
1120 2462 1319 2544 Inquifitionis
1340 2461 1448 2525 sublata
1469 2465 1509 2527 eis
1521 2464 1607 2529 fuerit
1628 2465 1750 2529 facultas
1763 2487 1832 2531 con·

212 2548 360 2615 cutoribus
380 2543 548 2609 ultimarum
570 2544 786 2618 voluntatum,
820 2559 853 2608 ut
875 2543 1002 2607 librosa
1041 2544 1158 2607 cedendi
1180 2541 1344 2619 hujusmodi
1375 2543 1505 2607 licentias
1527 2544 1660 2694 legentpi,
1690 2545 1738 2609 vel
1762 2548 1830 2612 reti·

196 2628 359 2695 'defuudlos
372 2623 502 2702 relidlos,
522 2625 580 2689 five
597 2644 697 2688 eorum
713 2623 845 2688 Iudicem
866 2623 924 2688 illis
937 2644 999 2708 pet·
1040 2624 1125 2688 nendi
1148 2623 1243 2687 Biblia
1265 2623 1412 2706 vulgaria,
1435 2641 1485 2687 aut
1506 2626 1576 2689 alias
1595 2629 1613 2688 S
1632 2647 1684 2691 crae
1701 2627 1832 2709 Scriptu-

211 2710 290 2776 sonis
309 2706 479 2789 deputandis
498 2704 622 2780 offerat,
654 2706 691 2769 ab
722 2704 758 2769 iis
779 2705 925 2768 licentiam
947 2705 998 2767 ob·
1041 2725 1078 2768 rae
1097 2722 1158 2768 tam
1179 2703 1270 2778 novi,
1291 2723 1379 2785 quam
1403 2707 1696 2771 veterisTellarnenti
1732 2726 1828 2785 artes,

209 2790 323 2856 tineent
343 2831 352 2862 ,
381 2784 546 2868 priusquam
569 2788 609 2850 eis
630 2802 747 2850 utantur
766 2829 776 2860 ,
806 2804 857 2850 aut
879 2786 908 2846 in
928 2784 1001 2848 alias
1040 2787 1146 2866 quavis
1159 2785 1272 2868 vulgari
1291 2784 1391 2867 lingua
1404 2786 1512 2851 editas:
1535 2809 1567 2850 ae
1579 2787 1692 2871 insuper
1704 2727 1832 2852 huma·

209 2868 345 2956 personas
364 2869 544 2950 quacumque
565 2864 678 2931 ratione
699 2887 748 2930 eos
767 2864 959 2929 transferant.
1042 2867 1112 2938 ria,
1143 2867 1175 2929 tr
1194 2868 1365 2946 compendia
1384 2869 1474 2929 etiam
1496 2868 1633 2932 historica
1661 2871 1829 2936 eorumdem

252 2953 287 3014 In
314 2948 360 3012 his
390 2965 485 3011 autem
507 2946 668 3022 omnibus,
701 2947 732 3010 dt
762 2946 903 3027 singulis,
933 2967 994 3030 pce·
1037 2945 1226 3024 bibliorum,
1258 2946 1304 3009 seu
1323 2947 1463 3011 librorum
1484 2948 1576 3012 Sacra
1596 2950 1772 3032 Scriptura,
1794 2953 1827 3013 dc

207 3052 248 3096 na
276 3031 443 3104 liatuatur,
473 3028 521 3092 vel
551 3025 709 3091 amiffionis
739 3025 909 3101 librorum,
946 3025 994 3088 vel
1035 3047 1217 3110 quocumque
1237 3026 1350 3108 vulgari
1373 3026 1510 3092 idiomate
1531 3030 1712 3113 conscripta,
1742 3030 1823 3114 quod

208 3113 287 3185 alia,
308 3110 430 3173 arbitrio
449 3108 617 3171 eorumdem
631 3107 862 3190 Episcoporum,
883 3106 930 3170 vel
947 3106 996 3167 In·
1037 3105 1156 3189 quidem
1178 3107 1320 3175 inviolate
1340 3106 1506 3175 servandum
1528 3111 1587 3175 eii.

208 3193 378 3334 ἷιιὲιζιιοιιιιιι
400 3209 453 3269 pro
472 3187 614 3270 qualitate
634 3185 847 3264 contumacia,
868 3186 916 3250 vel
939 3184 996 3251 De·
1237 3276 1277 3336 c·
1461 3283 1489 3339 R
1522 3203 1570 3339 A
1922 3223 1933 3252 ,ι

223 3295 230 3333 l
262 3295 290 3334 la
1265 3295 1323 3338 lm
1342 3299 1449 3339 nonam.
1490 3300 1505 3338 C
1553 3299 1621 3342 me

248 3353 336 3416 Circa
355 3373 425 3418 vero
446 3351 561 3428 libros,
582 3372 656 3433 quos
677 3350 776 3417 Patres
795 3351 925 3436 deputati
947 3368 999 3416 aut
1501 3299 1523 3360 g
1893 3263 1920 3428 f

207 3435 430 3509 examinarunt,
452 3451 503 3496 aut
524 3451 741 3516 expurgarunt‚
760 3452 810 3496 aut
832 3453 991 3516 expurgan-
1073 3432 1161 3497 Circa
1181 3435 1323 3518 Regulam
1348 3439 1401 3501 lx.
1424 3438 1547 3516 ejusdem
1569 3438 1675 3503 Indicis
1695 3438 1733 3502 ah
1752 3438 1826 3521 Epi·

206 3518 258 3580 dos
278 3514 481 3589 tradiderunt,
512 3532 561 3579 aut
581 3514 667 3577 certis
687 3513 927 3589 conditionibus,
959 3529 993 3577 ut
1033 3511 1149 3597 scopis,
1182 3517 1214 3579 dt
1244 3517 1461 3600 inquisitoribus
1494 3518 1697 3585 christifideles
1726 3519 1824 3584 sedulo

207 3595 300 3660 rursus
320 3594 764 3670 excuderentur,concellerunt,
792 3595 934 3679 quidquid
955 3593 989 3654 il·
1032 3597 1204 3660 admonendi
1226 3594 1317 3674 sunt,
1350 3600 1427 3679 quod
1448 3601 1477 3661 iu
1501 3601 1526 3664 le
1546 3617 1651 3677 entes,
1684 3617 1736 3663 aut
1758 3601 1825 3665 reti·

205 3677 250 3764 los
270 3677 390 3739 ilatuille
410 3676 591 3751 constiterit,
613 3693 675 3739 tam
696 3675 880 3760 bibliopola,
901 3695 998 3758 quam⁴
1032 3693 1130 3739 nentes
1149 3693 1252 3741 contra
1273 3680 1413 3761 Regulam
1442 3623 1626 3745 banclibros
1655 3670 1825 3754 hujusmodi

203 3757 290 3821 ceteri
310 3757 478 3821 observent.
1035 3757 1225 3841 Alitoiogiae‚
1250 3758 1493 3838 Divinationum‚
1518 3760 1615 3826 lortile
1636 3761 1758 3838 hrum,
1781 3784 1824 3827 re·

246 3837 380 3900 Liberum
402 3855 501 3899 tamen
534 3836 567 3900 lit
588 3837 739 3921 Episcopis
768 3854 817 3902 aut
840 3836 991 3921 Inquifito·
1034 3858 1156 3920 rumque
1184 3839 1306 3903 aliarum
1347 3842 1375 3904 in
1408 3843 1506 3906 eadem
1539 3784 1650 3925 [ragull
1684 3841 1823 3927 expressa·

204 3917 282 3981 ribus
301 3917 477 3998 generalibus
498 3915 649 3981 secundum
678 3918 871 3994 facultatem,
900 3939 988 4000 quam
1031 3939 1115 3993 rum,
1138 3920 1252 4003 procedi
1274 3923 1365 4002 potest
1386 3944 1442 3987 non
1465 3925 1554 3986 modo
1576 3944 1627 4006 per
1649 3922 1725 4007 ipsos
1748 3924 1819 4021 Epi·

203 3999 331 4071 habent,
354 3998 509 4060 roseriam
532 3998 621 4062 libros
641 3998 693 4080 qui
713 3999 758 4061 bis
777 3999 906 4083 ,Regulis
926 4020 987 4082 per·
1029 3997 1156 4086 scopos,
1179 4000 1209 4063 δι
1229 4001 1420 4078 ordinarios,
1443 4003 1487 4068 sed
1509 4005 1601 4068 etiam
1622 4026 1673 4087 per
1696 4006 1731 4067 In
1755 4007 1818 4069 urli-

202 4078 988 4159 mittivilentur,prohibere,s1hocinsuisRe·
1031 4098 1109 4143 tores
1139 4081 1270 4145 locorum
1301 4106 1337 4148 ex
1359 4085 1456 4147 Conli.
1479 4084 1527 4147 fel.
1549 4107 1604 4150 ree.
1637 4086 1714 4149 Sitti
1732 4026 1822 4170 l‘apz

201 4158 294 4238 gnis,
316 4174 367 4220 taut
390 4156 574 4234 Provinciis,
597 4160 643 4224 vel
665 4159 838 4223 Dioecefibus
859 4161 990 4243 expedire
1031 4160 1136 4235 Quinti
1158 4180 1259 4225 contra
1280 4181 1440 4228 exercentes
1462 4166 1635 4247 Astrologiae
1657 4167 1818 4240 iudiciaria

201 4240 410 4312 iudicaverint.
921 4322 923 4324 ‚
1028 4259 1147 4317 artem,
1179 4243 1209 4303 se
1229 4244 1287 4306 eilia
1308 4266 1495 4326 quacumque
1524 4247 1740 4311 divinationum
1770 4270 1818 4329 ge-

239 4321 376 4384 Ceterum
397 4317 520 4381 nomina
539 4338 637 4381 eorum
653 4318 810 4394 librorum,
832 4321 882 4402 qui
904 4324 986 4384 aPa·
1028 4342 1123 4397 nera,
1158 4323 1298 4406 librosque
1327 4326 1361 4389 de
1382 4326 1423 4391 eis
1445 4327 1597 4408 legentes,
1633 4349 1668 4390 ac
1690 4345 1820 4391 tenentes

196 4398 289 4464 tribus
309 4399 453 4482 deputatis
473 4400 615 4480 purgati,
638 4416 701 4461 tum
724 4419 853 4472 eorum,
882 4402 984 4481 quibus
1027 4401 1236 4485 promulgata.
1267 4405 1324 4469 Sub
1348 4406 1455 4469 Datum
1479 4411 1580 4473 Roma
1608 4409 1683 4491 apud
1715 4410 1745 4471 S.
1769 4411 1815 4473 Ρο-

197 4481 242 4541 illi
263 4480 335 4542 hanc
357 4481 535 4563 provinciam
557 4480 716 4552 dederunt,
749 4481 915 4544 eorumdem
937 4484 983 4545 de·
1026 4500 1102 4545 trum
1132 4506 1207 4548 anno
1231 4487 1342 4555 incarn.
1365 4488 1455 4550 Dum.
1478 4489 1698 4554 MDLXXXV.
1721 4490 1817 4553 Nonis

197 4577 361 4642 putatorem
383 4561 553 4625 secretarius
574 4560 701 4623 Notatio
719 4560 795 4623 Sacr.
818 4561 985 4629 universalis
1026 4563 1090 4635 lan.
1114 4564 1302 4633 Pontificatus
1323 4568 1364 4633 lui
1384 4588 1460 4633 anno
1481 4569 1597 4652 ptimo.
