<?xml version="1.0" encoding="UTF-8"?>
<!DOCTYPE html PUBLIC "-//W3C//DTD XHTML 1.0 Transitional//EN"
    "http://www.w3.org/TR/xhtml1/DTD/xhtml1-transitional.dtd">
<html xmlns="http://www.w3.org/1999/xhtml" xml:lang="en" lang="en">
 <head>
  <title>
</title>
<meta http-equiv="Content-Type" content="text/html;charset=utf-8" />
  <meta name='ocr-system' content='tesseract 3.04.00' />
  <meta name='ocr-capabilities' content='ocr_page ocr_carea ocr_par ocr_line ocrx_word'/>
</head>
<body>
  <div class='ocr_page' id='page_1' title='image "./admrevpfluciife03ferrgoog/admrevpfluciife03ferrgoog_0408.png"; bbox 0 0 3984 5284; ppageno 0'>
   <div class='ocr_carea' id='block_1_1' title="bbox 256 106 1457 225">
    <p class='ocr_par' dir='ltr' id='par_1_1' title="bbox 256 106 1457 225">
     <span class='ocr_line' id='line_1_1' title="bbox 256 106 1457 225; baseline -0.01 -28"><span class='ocrx_word' id='word_1_1' title='bbox 256 121 342 225; x_wconf 78' lang='lat'><em>376</em></span> <span class='ocrx_word' id='word_1_2' title='bbox 574 106 1457 198; x_wconf 77' lang='lat' dir='ltr'>LIBRIPROHIBITJ.</span> 
     </span>
    </p>
   </div>
   <div class='ocr_carea' id='block_1_2' title="bbox 141 211 1922 4725">
    <p class='ocr_par' dir='ltr' id='par_1_2' title="bbox 141 211 1836 2163">
     <span class='ocr_line' id='line_1_2' title="bbox 190 211 1818 307; baseline -0.01 -20"><span class='ocrx_word' id='word_1_3' title='bbox 190 231 274 307; x_wconf 79' lang='lat' dir='ltr'><em>trous</em></span> <span class='ocrx_word' id='word_1_4' title='bbox 288 222 451 286; x_wconf 88' lang='lat' dir='ltr'><em>redientiscm</em></span> <span class='ocrx_word' id='word_1_5' title='bbox 465 223 556 304; x_wconf 78' lang='lat' dir='ltr'><em>pernis</em></span> <span class='ocrx_word' id='word_1_6' title='bbox 576 222 701 284; x_wconf 72' lang='lat' dir='ltr'><em>tollenda</em></span> <span class='ocrx_word' id='word_1_7' title='bbox 729 225 846 305; x_wconf 83' lang='lat' dir='ltr'><em>gratia,</em></span> <span class='ocrx_word' id='word_1_8' title='bbox 868 246 977 300; x_wconf 88' lang='lat' dir='ltr'><em>omncs,</em></span> <span class='ocrx_word' id='word_1_9' title='bbox 1020 226 1062 282; x_wconf 84' lang='lat' dir='ltr'><em>Re</em></span> <span class='ocrx_word' id='word_1_10' title='bbox 1080 215 1205 280; x_wconf 81' lang='lat' dir='ltr'><em>uberibus</em></span> <span class='ocrx_word' id='word_1_11' title='bbox 1225 217 1418 298; x_wconf 79' lang='lat' dir='ltr'><em>cujuscumque</em></span> <span class='ocrx_word' id='word_1_12' title='bbox 1427 212 1558 290; x_wconf 79' lang='lat' dir='ltr'><em>Ordinis,</em></span> <span class='ocrx_word' id='word_1_13' title='bbox 1581 212 1746 288; x_wconf 73' lang='lat' dir='ltr'><em>societatis,</em></span> <span class='ocrx_word' id='word_1_14' title='bbox 1771 211 1818 278; x_wconf 63' lang='grc' dir='ltr'><strong>Φ</strong></span> 
     </span>
     <span class='ocr_line' id='line_1_3' title="bbox 195 246 1819 391; baseline -0.009 -23"><span class='ocrx_word' id='word_1_15' title='bbox 195 310 233 368; x_wconf 74' lang='lat' dir='ltr'><em>t&#39;u</em></span> <span class='ocrx_word' id='word_1_16' title='bbox 267 305 374 386; x_wconf 78' lang='lat' dir='ltr'><em>inguim</em></span> <span class='ocrx_word' id='word_1_17' title='bbox 387 319 483 386; x_wconf 80' lang='lat' dir='ltr'><em>ponas</em></span> <span class='ocrx_word' id='word_1_18' title='bbox 499 321 551 383; x_wconf 83' lang='lat' dir='ltr'><em>per</em></span> <span class='ocrx_word' id='word_1_19' title='bbox 570 300 978 384; x_wconf 71' lang='lat' dir='ltr'><em>eonsirooinesapossocicos,</em></span> <span class='ocrx_word' id='word_1_20' title='bbox 1021 246 1145 380; x_wconf 74' lang='lat' dir='ltr'><em>sniiitnti</em></span> <span class='ocrx_word' id='word_1_21' title='bbox 1165 299 1359 378; x_wconf 63' lang='lat' dir='ltr'><em>existentibus,</em></span> <span class='ocrx_word' id='word_1_22' title='bbox 1390 315 1627 391; x_wconf 76' lang='lat' dir='ltr'><em>aequatumque</em></span> <span class='ocrx_word' id='word_1_23' title='bbox 1656 293 1819 389; x_wconf 57' lang='lat' dir='ltr'><em>dr‘gnitote,</em></span> 
     </span>
     <span class='ocr_line' id='line_1_4' title="bbox 194 375 1814 464; baseline -0.009 -16"><span class='ocrx_word' id='word_1_24' title='bbox 194 388 233 448; x_wconf 58' lang='grc' dir='ltr'><em>(θ’</em></span> <span class='ocrx_word' id='word_1_25' title='bbox 254 389 375 448; x_wconf 76' lang='lat' dir='ltr'><em>Decreta</em></span> <span class='ocrx_word' id='word_1_26' title='bbox 394 388 529 446; x_wconf 80' lang='lat' dir='ltr'><em>anteriora</em></span> <span class='ocrx_word' id='word_1_27' title='bbox 549 381 586 443; x_wconf 86' lang='lat' dir='ltr'><em>hu</em></span> <span class='ocrx_word' id='word_1_28' title='bbox 595 383 709 463; x_wconf 74' lang='lat' dir='ltr'><em>‘asmodi</em></span> <span class='ocrx_word' id='word_1_29' title='bbox 726 383 927 464; x_wconf 85' lang='lat' dir='ltr'><em>quomodolibet</em></span> <span class='ocrx_word' id='word_1_30' title='bbox 936 387 977 444; x_wconf 88' lang='lat' dir='ltr'><em>in·</em></span> <span class='ocrx_word' id='word_1_31' title='bbox 1019 386 1103 443; x_wconf 88' lang='lat' dir='ltr'><em>etiam</em></span> <span class='ocrx_word' id='word_1_32' title='bbox 1123 381 1206 444; x_wconf 78' lang='lat' dir='ltr'><em>Eccle</em></span> <span class='ocrx_word' id='word_1_33' title='bbox 1218 379 1310 456; x_wconf 77' lang='lat' dir='ltr'><em>tostico</em></span> <span class='ocrx_word' id='word_1_34' title='bbox 1325 376 1498 459; x_wconf 74' lang='lat' dir='ltr'><em>fulgentibus</em></span> <span class='ocrx_word' id='word_1_35' title='bbox 1519 375 1582 438; x_wconf 65' lang='lat' dir='ltr'><em>&amp;a</em></span> <span class='ocrx_word' id='word_1_36' title='bbox 1602 379 1688 437; x_wconf 86' lang='lat' dir='ltr'><em>etism</em></span> <span class='ocrx_word' id='word_1_37' title='bbox 1702 376 1814 456; x_wconf 80' lang='lat' dir='ltr'><em>speeta-</em></span> 
     </span>
     <span class='ocr_line' id='line_1_5' title="bbox 186 414 1818 548; baseline -0.006 -21"><span class='ocrx_word' id='word_1_38' title='bbox 186 463 306 544; x_wconf 72' lang='lat' dir='ltr'><em>fliiios,</em></span> <span class='ocrx_word' id='word_1_39' title='bbox 328 464 427 525; x_wconf 87' lang='lat' dir='ltr'><em>barum</em></span> <span class='ocrx_word' id='word_1_40' title='bbox 442 467 514 548; x_wconf 80' lang='lat' dir='ltr'><em>serie</em></span> <span class='ocrx_word' id='word_1_41' title='bbox 544 414 720 528; x_wconf 70' lang='lat' dir='ltr'><em>reducimus:</em></span> <span class='ocrx_word' id='word_1_42' title='bbox 752 466 856 525; x_wconf 83' lang='lat' dir='ltr'><em>Firmis</em></span> <span class='ocrx_word' id='word_1_43' title='bbox 884 482 978 524; x_wconf 88' lang='lat' dir='ltr'><em>tamen</em></span> <span class='ocrx_word' id='word_1_44' title='bbox 1019 462 1044 523; x_wconf 86' lang='lat' dir='ltr'><em>si</em></span> <span class='ocrx_word' id='word_1_45' title='bbox 1062 479 1149 537; x_wconf 87' lang='lat' dir='ltr'><em>nota,</em></span> <span class='ocrx_word' id='word_1_46' title='bbox 1173 461 1211 524; x_wconf 71' lang='lat'><em>(9</em></span> <span class='ocrx_word' id='word_1_47' title='bbox 1234 461 1370 521; x_wconf 85' lang='lat' dir='ltr'><em>mentione</em></span> <span class='ocrx_word' id='word_1_48' title='bbox 1388 456 1486 539; x_wconf 77' lang='lat' dir='ltr'><em>dignis</em></span> <span class='ocrx_word' id='word_1_49' title='bbox 1505 457 1569 520; x_wconf 67' lang='lat' dir='ltr'><em>&amp;ct</em></span> <span class='ocrx_word' id='word_1_50' title='bbox 1591 473 1625 518; x_wconf 75' lang='lat' dir='ltr'><em>sn</em></span> <span class='ocrx_word' id='word_1_51' title='bbox 1643 475 1818 537; x_wconf 77' lang='lat' dir='ltr'><em>quocumque</em></span> 
     </span>
     <span class='ocr_line' id='line_1_6' title="bbox 192 538 1814 627; baseline -0.007 -18"><span class='ocrx_word' id='word_1_52' title='bbox 192 543 366 609; x_wconf 87' lang='lat' dir='ltr'><em>manentibus</em></span> <span class='ocrx_word' id='word_1_53' title='bbox 385 543 450 621; x_wconf 85' lang='lat' dir='ltr'><em>his,</em></span> <span class='ocrx_word' id='word_1_54' title='bbox 471 568 529 627; x_wconf 80' lang='lat' dir='ltr'><em>qua</em></span> <span class='ocrx_word' id='word_1_55' title='bbox 548 545 582 608; x_wconf 85' lang='lat' dir='ltr'><em>de</em></span> <span class='ocrx_word' id='word_1_56' title='bbox 617 540 805 616; x_wconf 65' lang='lat' dir='ltr'><em>eunuchos,</em></span> <span class='ocrx_word' id='word_1_57' title='bbox 836 542 875 606; x_wconf 63' lang='grc' dir='ltr'>Θ</span> <span class='ocrx_word' id='word_1_58' title='bbox 905 540 985 606; x_wconf 84' lang='lat' dir='ltr'><em>libris</em></span> <span class='ocrx_word' id='word_1_59' title='bbox 1025 545 1106 622; x_wconf 83' lang='lat' dir='ltr'><em>causa</em></span> <span class='ocrx_word' id='word_1_60' title='bbox 1128 541 1194 603; x_wconf 67' lang='lat' dir='ltr'><em>(uc.</em></span> <span class='ocrx_word' id='word_1_61' title='bbox 1214 540 1343 621; x_wconf 69' lang='lat' dir='ltr'><em>concessas</em></span> <span class='ocrx_word' id='word_1_62' title='bbox 1364 538 1429 602; x_wconf 63' lang='lat' dir='ltr'><em>(rs.</em></span> <span class='ocrx_word' id='word_1_63' title='bbox 1451 558 1631 612; x_wconf 76' lang='lat' dir='ltr'><em>moneamus,</em></span> <span class='ocrx_word' id='word_1_64' title='bbox 1661 539 1814 615; x_wconf 71' lang='lat' dir='ltr'><em>reflamus,</em></span> 
     </span>
     <span class='ocr_line' id='line_1_7' title="bbox 194 618 1819 717; baseline -0.006 -28"><span class='ocrx_word' id='word_1_65' title='bbox 194 629 335 692; x_wconf 63' lang='lat' dir='ltr'><em>amonis</em></span> <span class='ocrx_word' id='word_1_66' title='bbox 353 630 383 689; x_wconf 91' lang='lat' dir='ltr'><em>in</em></span> <span class='ocrx_word' id='word_1_67' title='bbox 404 631 519 689; x_wconf 77' lang='lat' dir='ltr'><em>litteris</em></span> <span class='ocrx_word' id='word_1_68' title='bbox 539 624 698 707; x_wconf 72' lang='lat' dir='ltr'><em>Apossosc&#39;ois</em></span> <span class='ocrx_word' id='word_1_69' title='bbox 718 625 866 688; x_wconf 83' lang='lat' dir='ltr'><em>dioCoenae</em></span> <span class='ocrx_word' id='word_1_70' title='bbox 886 626 983 686; x_wconf 89' lang='lat' dir='ltr'><em>Domi·</em></span> <span class='ocrx_word' id='word_1_71' title='bbox 1027 621 1262 717; x_wconf 26' lang='lat' dir='ltr'><em>&amp;nonnullatenus</em></span> <span class='ocrx_word' id='word_1_72' title='bbox 1283 622 1347 715; x_wconf 66' lang='lat' dir='ltr'><em>suc.</em></span> <span class='ocrx_word' id='word_1_73' title='bbox 1367 621 1522 700; x_wconf 85' lang='lat' dir='ltr'><em>quinimmo</em></span> <span class='ocrx_word' id='word_1_74' title='bbox 1541 618 1625 681; x_wconf 87' lang='lat' dir='ltr'><em>sibeos</em></span> <span class='ocrx_word' id='word_1_75' title='bbox 1629 635 1679 699; x_wconf 89' lang='lat' dir='ltr'><em>per</em></span> <span class='ocrx_word' id='word_1_76' title='bbox 1686 620 1819 680; x_wconf 77' lang='lat' dir='ltr'><em>sisennius</em></span> 
     </span>
     <span class='ocr_line' id='line_1_8' title="bbox 195 698 1822 871; baseline -0.008 -20"><span class='ocrx_word' id='word_1_77' title='bbox 195 707 622 862; x_wconf 60' lang='lat' dir='ltr'><em>’st-sssfs‘ssslss‘st</em></span> <span class='ocrx_word' id='word_1_78' title='bbox 637 707 923 871; x_wconf 49' lang='lat' dir='ltr'><em>isiadus&amp;</em></span> <span class='ocrx_word' id='word_1_79' title='bbox 940 731 983 849; x_wconf 70' lang='lat' dir='ltr'><em>iil</em></span> <span class='ocrx_word' id='word_1_80' title='bbox 1024 698 1822 865; x_wconf 57' lang='lat' dir='ltr'><em>ssssssszsssss⁰ss¹szsisssnszsssnnss</em></span> 
     </span>
     <span class='ocr_line' id='line_1_9' title="bbox 196 859 1820 944; baseline -0.004 -13"><span class='ocrx_word' id='word_1_81' title='bbox 196 871 357 934; x_wconf 82' lang='lat' dir='ltr'><em>tendimus.</em></span> <span class='ocrx_word' id='word_1_82' title='bbox 1029 865 1068 930; x_wconf 66' lang='grc' dir='ltr'><em>ζ’)</em></span> <span class='ocrx_word' id='word_1_83' title='bbox 1091 864 1234 927; x_wconf 85' lang='lat' dir='ltr'><em>indicibus</em></span> <span class='ocrx_word' id='word_1_84' title='bbox 1253 865 1385 926; x_wconf 86' lang='lat' dir='ltr'><em>sibrorssm</em></span> <span class='ocrx_word' id='word_1_85' title='bbox 1401 859 1603 944; x_wconf 79' lang='lat' dir='ltr'><em>prohibitorum</em></span> <span class='ocrx_word' id='word_1_86' title='bbox 1617 877 1757 924; x_wconf 79' lang='lat' dir='ltr'><em>sustentat</em></span> <span class='ocrx_word' id='word_1_87' title='bbox 1776 864 1820 925; x_wconf 84' lang='lat' dir='ltr'><em>ist·</em></span> 
     </span>
     <span class='ocr_line' id='line_1_10' title="bbox 141 943 1552 1024; baseline -0.009 -9"><span class='ocrx_word' id='word_1_88' title='bbox 141 974 177 1016; x_wconf 85' lang='grc' dir='ltr'><em>ιο</em></span> <span class='ocrx_word' id='word_1_89' title='bbox 245 952 483 1024; x_wconf 73' lang='lat' dir='ltr'><em>Pannonium,</em></span> <span class='ocrx_word' id='word_1_90' title='bbox 506 949 536 1012; x_wconf 70' lang='lat' dir='ltr'><em>n</em></span> <span class='ocrx_word' id='word_1_91' title='bbox 558 947 854 1012; x_wconf 79' lang='lat' dir='ltr'><em>eoosuraeooonmae</em></span> <span class='ocrx_word' id='word_1_92' title='bbox 884 947 914 1010; x_wconf 86' lang='lat' dir='ltr'><em>itt</em></span> <span class='ocrx_word' id='word_1_93' title='bbox 943 946 974 1008; x_wconf 90' lang='lat' dir='ltr'><em>di</em></span> <span class='ocrx_word' id='word_1_94' title='bbox 1028 967 1132 1009; x_wconf 78' lang='lat' dir='ltr'><em>smeere</em></span> <span class='ocrx_word' id='word_1_95' title='bbox 1153 949 1282 1007; x_wconf 78' lang='lat' dir='ltr'><em>odansue</em></span> <span class='ocrx_word' id='word_1_96' title='bbox 1303 944 1343 1010; x_wconf 65' lang='lat' dir='ltr'><em>(a</em></span> <span class='ocrx_word' id='word_1_97' title='bbox 1363 943 1552 1006; x_wconf 72' lang='lat' dir='ltr'><em>declaramus.</em></span> 
     </span>
     <span class='ocr_line' id='line_1_11' title="bbox 197 1020 1820 1112; baseline -0.005 -20"><span class='ocrx_word' id='word_1_98' title='bbox 197 1030 244 1093; x_wconf 73' lang='lat' dir='ltr'><em>sia</em></span> <span class='ocrx_word' id='word_1_99' title='bbox 263 1029 480 1093; x_wconf 77' lang='lat' dir='ltr'><em>Constitutione</em></span> <span class='ocrx_word' id='word_1_100' title='bbox 521 1028 564 1090; x_wconf 87' lang='lat' dir='ltr'><em>Pii</em></span> <span class='ocrx_word' id='word_1_101' title='bbox 607 1031 663 1091; x_wconf 80' lang='lat' dir='ltr'><em>lv.</em></span> <span class='ocrx_word' id='word_1_102' title='bbox 705 1029 908 1112; x_wconf 81' lang='lat' dir='ltr'><em>exprimuntur</em></span> <span class='ocrx_word' id='word_1_103' title='bbox 939 1048 989 1110; x_wconf 87' lang='lat' dir='ltr'><em>per</em></span> <span class='ocrx_word' id='word_1_104' title='bbox 1069 1028 1268 1101; x_wconf 85' lang='lat' dir='ltr'><em>Decernentes,</em></span> <span class='ocrx_word' id='word_1_105' title='bbox 1287 1043 1318 1086; x_wconf 87' lang='lat' dir='ltr'><em>ut</em></span> <span class='ocrx_word' id='word_1_106' title='bbox 1334 1027 1475 1107; x_wconf 73' lang='lat' dir='ltr'><em>professes</em></span> <span class='ocrx_word' id='word_1_107' title='bbox 1495 1028 1609 1086; x_wconf 72' lang='lat' dir='ltr'><em>onum</em></span> <span class='ocrx_word' id='word_1_108' title='bbox 1626 1020 1767 1104; x_wconf 67' lang='lat' dir='ltr'><em>postqum</em></span> <span class='ocrx_word' id='word_1_109' title='bbox 1786 1023 1820 1085; x_wconf 83' lang='lat' dir='ltr'><em>in</em></span> 
     </span>
     <span class='ocr_line' id='line_1_12' title="bbox 200 1103 1820 1195; baseline -0.004 -22"><span class='ocrx_word' id='word_1_110' title='bbox 200 1108 316 1195; x_wconf 73' lang='lat' dir='ltr'><em>precisa</em></span> <span class='ocrx_word' id='word_1_111' title='bbox 337 1108 422 1194; x_wconf 76' lang='lat' dir='ltr'><em>ipsius</em></span> <span class='ocrx_word' id='word_1_112' title='bbox 442 1109 550 1173; x_wconf 87' lang='lat' dir='ltr'><em>verba:</em></span> <span class='ocrx_word' id='word_1_113' title='bbox 571 1111 604 1172; x_wconf 79' lang='lat' dir='ltr'><em>Si</em></span> <span class='ocrx_word' id='word_1_114' title='bbox 634 1114 698 1193; x_wconf 86' lang='lat' dir='ltr'><em>quis</em></span> <span class='ocrx_word' id='word_1_115' title='bbox 726 1126 819 1170; x_wconf 80' lang='lat' dir='ltr'><em>autem</em></span> <span class='ocrx_word' id='word_1_116' title='bbox 854 1108 989 1188; x_wconf 84' lang='lat' dir='ltr'><em>adversus</em></span> <span class='ocrx_word' id='word_1_117' title='bbox 1028 1108 1128 1173; x_wconf 81' lang='lat' dir='ltr'><em>volvis</em></span> <span class='ocrx_word' id='word_1_118' title='bbox 1149 1108 1215 1171; x_wconf 66' lang='lat' dir='ltr'><em>(uo.</em></span> <span class='ocrx_word' id='word_1_119' title='bbox 1236 1105 1326 1183; x_wconf 65' lang='lat' dir='ltr'><em>affixe</em></span> <span class='ocrx_word' id='word_1_120' title='bbox 1340 1108 1450 1183; x_wconf 80' lang='lat' dir='ltr'><em>fuerint</em></span> <span class='ocrx_word' id='word_1_121' title='bbox 1469 1106 1545 1182; x_wconf 65' lang='lat' dir='ltr'><em>infra</em></span> <span class='ocrx_word' id='word_1_122' title='bbox 1564 1103 1631 1166; x_wconf 81' lang='lat' dir='ltr'><em>duos</em></span> <span class='ocrx_word' id='word_1_123' title='bbox 1650 1108 1724 1166; x_wconf 80' lang='lat' dir='ltr'><em>citro</em></span> <span class='ocrx_word' id='word_1_124' title='bbox 1743 1126 1820 1166; x_wconf 87' lang='lat' dir='ltr'><em>noan·</em></span> 
     </span>
     <span class='ocr_line' id='line_1_13' title="bbox 198 1185 1822 1274; baseline -0.002 -23"><span class='ocrx_word' id='word_1_125' title='bbox 198 1215 241 1253; x_wconf 88' lang='lat' dir='ltr'><em>eas</em></span> <span class='ocrx_word' id='word_1_126' title='bbox 262 1191 366 1274; x_wconf 79' lang='lat' dir='ltr'><em>regulos</em></span> <span class='ocrx_word' id='word_1_127' title='bbox 383 1188 650 1273; x_wconf 74' lang='lat' dir='ltr'><em>prohibitionemque</em></span> <span class='ocrx_word' id='word_1_128' title='bbox 675 1193 794 1269; x_wconf 77' lang='lat' dir='ltr'><em>feccrit3</em></span> <span class='ocrx_word' id='word_1_129' title='bbox 824 1190 851 1250; x_wconf 89' lang='lat' dir='ltr'><em>it</em></span> <span class='ocrx_word' id='word_1_130' title='bbox 877 1191 988 1270; x_wconf 81' lang='lat' dir='ltr'><em>quidone</em></span> <span class='ocrx_word' id='word_1_131' title='bbox 1029 1209 1086 1264; x_wconf 90' lang='lat' dir='ltr'><em>tet,</em></span> <span class='ocrx_word' id='word_1_132' title='bbox 1108 1186 1183 1250; x_wconf 83' lang='lat' dir='ltr'><em>uitro</em></span> <span class='ocrx_word' id='word_1_133' title='bbox 1200 1209 1267 1248; x_wconf 82' lang='lat' dir='ltr'><em>vcro</em></span> <span class='ocrx_word' id='word_1_134' title='bbox 1284 1204 1387 1249; x_wconf 77' lang='lat' dir='ltr'><em>montes</em></span> <span class='ocrx_word' id='word_1_135' title='bbox 1401 1186 1479 1263; x_wconf 78' lang='lat' dir='ltr'><em>infra</em></span> <span class='ocrx_word' id='word_1_136' title='bbox 1507 1201 1625 1265; x_wconf 72' lang='lat' dir='ltr'><em>quarm</em></span> <span class='ocrx_word' id='word_1_137' title='bbox 1650 1185 1756 1263; x_wconf 84' lang='lat' dir='ltr'><em>menses</em></span> <span class='ocrx_word' id='word_1_138' title='bbox 1784 1205 1822 1248; x_wconf 83' lang='lat' dir='ltr'><em>est</em></span> 
     </span>
     <span class='ocr_line' id='line_1_14' title="bbox 197 1264 1821 1353; baseline -0.004 -21"><span class='ocrx_word' id='word_1_139' title='bbox 197 1276 247 1353; x_wconf 90' lang='lat' dir='ltr'><em>qui</em></span> <span class='ocrx_word' id='word_1_140' title='bbox 267 1271 454 1333; x_wconf 79' lang='lat' dir='ltr'><em>hereticorum</em></span> <span class='ocrx_word' id='word_1_141' title='bbox 487 1269 587 1346; x_wconf 83' lang='lat' dir='ltr'><em>sibeos,</em></span> <span class='ocrx_word' id='word_1_142' title='bbox 624 1274 672 1331; x_wconf 86' lang='lat' dir='ltr'><em>vei</em></span> <span class='ocrx_word' id='word_1_143' title='bbox 700 1271 827 1350; x_wconf 68' lang='lat' dir='ltr'><em>cupusvis</em></span> <span class='ocrx_word' id='word_1_144' title='bbox 860 1268 990 1332; x_wconf 72' lang='lat' dir='ltr'><em>Ao&#39;sioris</em></span> <span class='ocrx_word' id='word_1_145' title='bbox 1029 1286 1096 1331; x_wconf 88' lang='lat' dir='ltr'><em>tunc</em></span> <span class='ocrx_word' id='word_1_146' title='bbox 1112 1273 1271 1351; x_wconf 78' lang='lat' dir='ltr'><em>prosimos,</em></span> <span class='ocrx_word' id='word_1_147' title='bbox 1302 1289 1407 1350; x_wconf 78' lang='lat' dir='ltr'><em>onnes,</em></span> <span class='ocrx_word' id='word_1_148' title='bbox 1441 1265 1481 1328; x_wconf 74' lang='lat'><em>(9¹</em></span> <span class='ocrx_word' id='word_1_149' title='bbox 1505 1264 1655 1345; x_wconf 74' lang='lat' dir='ltr'><em>stagnosos,</em></span> <span class='ocrx_word' id='word_1_150' title='bbox 1683 1264 1725 1326; x_wconf 82' lang='lat' dir='ltr'><em>ad</em></span> <span class='ocrx_word' id='word_1_151' title='bbox 1752 1288 1821 1345; x_wconf 82' lang='lat' dir='ltr'><em>quos</em></span> 
     </span>
     <span class='ocr_line' id='line_1_15' title="bbox 194 1345 1824 1438; baseline -0.001 -27"><span class='ocrx_word' id='word_1_152' title='bbox 194 1355 303 1434; x_wconf 70' lang='lat' dir='ltr'><em>scripta</em></span> <span class='ocrx_word' id='word_1_153' title='bbox 319 1370 429 1438; x_wconf 85' lang='lat' dir='ltr'><em>propter</em></span> <span class='ocrx_word' id='word_1_154' title='bbox 449 1351 590 1428; x_wconf 76' lang='lat' dir='ltr'><em>berefim,</em></span> <span class='ocrx_word' id='word_1_155' title='bbox 611 1356 661 1414; x_wconf 83' lang='lat' dir='ltr'><em>vei</em></span> <span class='ocrx_word' id='word_1_156' title='bbox 675 1351 748 1429; x_wconf 77' lang='lat' dir='ltr'><em>falfi</em></span> <span class='ocrx_word' id='word_1_157' title='bbox 765 1350 903 1430; x_wconf 77' lang='lat' dir='ltr'><em>dogmatis</em></span> <span class='ocrx_word' id='word_1_158' title='bbox 927 1354 988 1432; x_wconf 77' lang='lat' dir='ltr'><em>sos·</em></span> <span class='ocrx_word' id='word_1_159' title='bbox 1024 1347 1171 1432; x_wconf 65' lang='lat' dir='ltr'><em>spadium,</em></span> <span class='ocrx_word' id='word_1_160' title='bbox 1193 1349 1317 1424; x_wconf 70' lang='lat' dir='ltr'><em>ndns,</em></span> <span class='ocrx_word' id='word_1_161' title='bbox 1340 1347 1380 1411; x_wconf 60' lang='lat' dir='ltr'><em>(J</em></span> <span class='ocrx_word' id='word_1_162' title='bbox 1410 1345 1562 1423; x_wconf 67' lang='lat' dir='ltr'><em>officum,</em></span> <span class='ocrx_word' id='word_1_163' title='bbox 1588 1345 1703 1428; x_wconf 79' lang='lat' dir='ltr'><em>perinde</em></span> <span class='ocrx_word' id='word_1_164' title='bbox 1730 1367 1766 1409; x_wconf 80' lang='lat' dir='ltr'><em>aa</em></span> <span class='ocrx_word' id='word_1_165' title='bbox 1791 1347 1824 1426; x_wconf 80' lang='lat' dir='ltr'><em>fi</em></span> 
     </span>
     <span class='ocr_line' id='line_1_16' title="bbox 196 1425 1826 1515; baseline -0.005 -19"><span class='ocrx_word' id='word_1_166' title='bbox 196 1439 335 1512; x_wconf 87' lang='lat' dir='ltr'><em>picionens</em></span> <span class='ocrx_word' id='word_1_167' title='bbox 356 1438 495 1496; x_wconf 83' lang='lat' dir='ltr'><em>damnato</em></span> <span class='ocrx_word' id='word_1_168' title='bbox 514 1451 597 1515; x_wconf 83' lang='lat' dir='ltr'><em>atquc</em></span> <span class='ocrx_word' id='word_1_169' title='bbox 620 1429 767 1515; x_wconf 88' lang='lat' dir='ltr'><em>probibita</em></span> <span class='ocrx_word' id='word_1_170' title='bbox 795 1434 908 1512; x_wconf 83' lang='lat' dir='ltr'><em>legerit,</em></span> <span class='ocrx_word' id='word_1_171' title='bbox 939 1431 987 1493; x_wconf 87' lang='lat' dir='ltr'><em>ba·</em></span> <span class='ocrx_word' id='word_1_172' title='bbox 1029 1434 1175 1513; x_wconf 83' lang='lat' dir='ltr'><em>unicuique</em></span> <span class='ocrx_word' id='word_1_173' title='bbox 1210 1432 1369 1511; x_wconf 73' lang='lat' dir='ltr'><em>ersendittr</em></span> <span class='ocrx_word' id='word_1_174' title='bbox 1385 1431 1523 1491; x_wconf 78' lang='lat' dir='ltr'><em>intimate</em></span> <span class='ocrx_word' id='word_1_175' title='bbox 1538 1427 1676 1506; x_wconf 69' lang='lat' dir='ltr'><em>fuissem</em></span> <span class='ocrx_word' id='word_1_176' title='bbox 1695 1425 1772 1508; x_wconf 87' lang='lat' dir='ltr'><em>quod</em></span> <span class='ocrx_word' id='word_1_177' title='bbox 1806 1450 1826 1488; x_wconf 86' lang='lat' dir='ltr'><em>e</em></span> 
     </span>
     <span class='ocr_line' id='line_1_17' title="bbox 200 1509 1824 1597; baseline -0.001 -22"><span class='ocrx_word' id='word_1_178' title='bbox 200 1515 343 1591; x_wconf 83' lang='lat' dir='ltr'><em>bueritve,</em></span> <span class='ocrx_word' id='word_1_179' title='bbox 366 1518 425 1596; x_wconf 69' lang='lat' dir='ltr'><em>ipso</em></span> <span class='ocrx_word' id='word_1_180' title='bbox 441 1517 505 1597; x_wconf 82' lang='lat' dir='ltr'><em>jure</em></span> <span class='ocrx_word' id='word_1_181' title='bbox 524 1519 555 1576; x_wconf 90' lang='lat' dir='ltr'><em>in</em></span> <span class='ocrx_word' id='word_1_182' title='bbox 576 1513 863 1578; x_wconf 78' lang='lat' dir='ltr'><em>excommunicationis</em></span> <span class='ocrx_word' id='word_1_183' title='bbox 878 1531 989 1594; x_wconf 75' lang='lat' dir='ltr'><em>punam</em></span> <span class='ocrx_word' id='word_1_184' title='bbox 1029 1509 1114 1574; x_wconf 71' lang='lat' dir='ltr'><em>diesis</em></span> <span class='ocrx_word' id='word_1_185' title='bbox 1132 1512 1186 1573; x_wconf 87' lang='lat' dir='ltr'><em>duo</em></span> <span class='ocrx_word' id='word_1_186' title='bbox 1242 1555 1254 1588; x_wconf 90' lang='lat'><em>,</em></span> <span class='ocrx_word' id='word_1_187' title='bbox 1284 1511 1327 1574; x_wconf 62' lang='lat' dir='ltr'><em>ds</em></span> <span class='ocrx_word' id='word_1_188' title='bbox 1354 1509 1505 1594; x_wconf 71' lang='lat' dir='ltr'><em>respueflios</em></span> <span class='ocrx_word' id='word_1_189' title='bbox 1531 1526 1652 1587; x_wconf 84' lang='lat' dir='ltr'><em>quatuos</em></span> <span class='ocrx_word' id='word_1_190' title='bbox 1685 1531 1749 1573; x_wconf 81' lang='lat' dir='ltr'><em>men</em></span> <span class='ocrx_word' id='word_1_191' title='bbox 1789 1529 1824 1572; x_wconf 83' lang='lat' dir='ltr'><em>ets</em></span> 
     </span>
     <span class='ocr_line' id='line_1_18' title="bbox 203 1585 1822 1678; baseline -0.005 -20"><span class='ocrx_word' id='word_1_192' title='bbox 203 1595 331 1670; x_wconf 84' lang='lat' dir='ltr'><em>incidat,</em></span> <span class='ocrx_word' id='word_1_193' title='bbox 355 1619 467 1678; x_wconf 88' lang='lat' dir='ltr'><em>eamque</em></span> <span class='ocrx_word' id='word_1_194' title='bbox 486 1594 520 1656; x_wconf 84' lang='lat' dir='ltr'><em>ob</em></span> <span class='ocrx_word' id='word_1_195' title='bbox 538 1598 648 1676; x_wconf 79' lang='lat' dir='ltr'><em>causam</em></span> <span class='ocrx_word' id='word_1_196' title='bbox 670 1598 700 1657; x_wconf 84' lang='lat' dir='ltr'><em>in</em></span> <span class='ocrx_word' id='word_1_197' title='bbox 729 1616 790 1653; x_wconf 87' lang='lat' dir='ltr'><em>eum</em></span> <span class='ocrx_word' id='word_1_198' title='bbox 810 1594 854 1653; x_wconf 82' lang='lat' dir='ltr'><em>uti</em></span> <span class='ocrx_word' id='word_1_199' title='bbox 880 1593 915 1654; x_wconf 86' lang='lat' dir='ltr'><em>de</em></span> <span class='ocrx_word' id='word_1_200' title='bbox 934 1593 988 1656; x_wconf 78' lang='lat' dir='ltr'><em>be·</em></span> <span class='ocrx_word' id='word_1_201' title='bbox 1030 1591 1219 1666; x_wconf 83' lang='lat' dir='ltr'><em>durantibus,</em></span> <span class='ocrx_word' id='word_1_202' title='bbox 1240 1596 1265 1655; x_wconf 88' lang='lat' dir='ltr'><em>ii</em></span> <span class='ocrx_word' id='word_1_203' title='bbox 1283 1593 1333 1671; x_wconf 78' lang='lat' dir='ltr'><em>qno·</em></span> <span class='ocrx_word' id='word_1_204' title='bbox 1352 1589 1437 1654; x_wconf 86' lang='lat' dir='ltr'><em>sibros</em></span> <span class='ocrx_word' id='word_1_205' title='bbox 1466 1585 1622 1671; x_wconf 74' lang='lat' dir='ltr'><em>prohibitos</em></span> <span class='ocrx_word' id='word_1_206' title='bbox 1648 1587 1822 1664; x_wconf 74' lang='lat' dir='ltr'><em>habuerint,</em></span> 
     </span>
     <span class='ocr_line' id='line_1_19' title="bbox 201 1666 1824 1759; baseline -0.005 -22"><span class='ocrx_word' id='word_1_207' title='bbox 201 1677 254 1752; x_wconf 80' lang='lat' dir='ltr'><em>rest</em></span> <span class='ocrx_word' id='word_1_208' title='bbox 267 1676 440 1757; x_wconf 71' lang='lat' dir='ltr'><em>juspcisuns,</em></span> <span class='ocrx_word' id='word_1_209' title='bbox 463 1679 589 1757; x_wconf 81' lang='lat' dir='ltr'><em>inquiri,</em></span> <span class='ocrx_word' id='word_1_210' title='bbox 612 1677 651 1739; x_wconf 65' lang='lat' dir='ltr'><em>(r</em></span> <span class='ocrx_word' id='word_1_211' title='bbox 669 1672 780 1756; x_wconf 75' lang='lat' dir='ltr'><em>procedi</em></span> <span class='ocrx_word' id='word_1_212' title='bbox 800 1675 988 1759; x_wconf 80' lang='lat' dir='ltr'><em>iioeat3psae·</em></span> <span class='ocrx_word' id='word_1_213' title='bbox 1029 1694 1075 1734; x_wconf 90' lang='lat' dir='ltr'><em>eos</em></span> <span class='ocrx_word' id='word_1_214' title='bbox 1094 1672 1134 1734; x_wconf 85' lang='lat' dir='ltr'><em>ad</em></span> <span class='ocrx_word' id='word_1_215' title='bbox 1154 1673 1337 1756; x_wconf 62' lang='lat' dir='ltr'><em>ipseopm,</em></span> <span class='ocrx_word' id='word_1_216' title='bbox 1353 1672 1406 1751; x_wconf 86' lang='lat' dir='ltr'><em>sess</em></span> <span class='ocrx_word' id='word_1_217' title='bbox 1441 1666 1648 1751; x_wconf 79' lang='lat' dir='ltr'><em>anuifitorem,</em></span> <span class='ocrx_word' id='word_1_218' title='bbox 1677 1674 1727 1752; x_wconf 85' lang='lat' dir='ltr'><em>qui</em></span> <span class='ocrx_word' id='word_1_219' title='bbox 1755 1670 1824 1732; x_wconf 82' lang='lat' dir='ltr'><em>ilios</em></span> 
     </span>
     <span class='ocr_line' id='line_1_20' title="bbox 202 1749 1822 1839; baseline -0.004 -22"><span class='ocrx_word' id='word_1_220' title='bbox 202 1778 243 1818; x_wconf 87' lang='lat' dir='ltr'><em>ter</em></span> <span class='ocrx_word' id='word_1_221' title='bbox 263 1759 335 1817; x_wconf 88' lang='lat' dir='ltr'><em>osias</em></span> <span class='ocrx_word' id='word_1_222' title='bbox 351 1776 445 1839; x_wconf 82' lang='lat' dir='ltr'><em>poenoc</em></span> <span class='ocrx_word' id='word_1_223' title='bbox 465 1760 542 1839; x_wconf 75' lang='lat' dir='ltr'><em>(uper</em></span> <span class='ocrx_word' id='word_1_224' title='bbox 561 1754 916 1838; x_wconf 77' lang='lat' dir='ltr'><em>bocobAponosicoSede,</em></span> <span class='ocrx_word' id='word_1_225' title='bbox 933 1762 987 1819; x_wconf 79' lang='lat' dir='ltr'><em>So·</em></span> <span class='ocrx_word' id='word_1_226' title='bbox 1029 1772 1198 1835; x_wconf 79' lang='lat' dir='ltr'><em>quantocyus</em></span> <span class='ocrx_word' id='word_1_227' title='bbox 1229 1752 1382 1816; x_wconf 83' lang='lat' dir='ltr'><em>comburens</em></span> <span class='ocrx_word' id='word_1_228' title='bbox 1411 1749 1529 1825; x_wconf 85' lang='lat' dir='ltr'><em>debeor,</em></span> <span class='ocrx_word' id='word_1_229' title='bbox 1562 1752 1597 1812; x_wconf 86' lang='lat' dir='ltr'><em>de</em></span> <span class='ocrx_word' id='word_1_230' title='bbox 1673 1795 1683 1828; x_wconf 88' lang='lat'><em>,</em></span> <span class='ocrx_word' id='word_1_231' title='bbox 1718 1753 1822 1832; x_wconf 85' lang='lat' dir='ltr'><em>quique</em></span> 
     </span>
     <span class='ocr_line' id='line_1_21' title="bbox 203 1830 1820 1921; baseline -0.004 -22"><span class='ocrx_word' id='word_1_232' title='bbox 203 1839 307 1919; x_wconf 71' lang='lat' dir='ltr'><em>crisqup</em></span> <span class='ocrx_word' id='word_1_233' title='bbox 328 1838 489 1900; x_wconf 78' lang='lat' dir='ltr'><em>canonibus</em></span> <span class='ocrx_word' id='word_1_234' title='bbox 509 1837 685 1915; x_wconf 76' lang='lat' dir='ltr'><em>constitutas.</em></span> <span class='ocrx_word' id='word_1_235' title='bbox 706 1840 771 1921; x_wconf 69' lang='lat' dir='ltr'><em>Qui</em></span> <span class='ocrx_word' id='word_1_236' title='bbox 790 1854 884 1897; x_wconf 81' lang='lat' dir='ltr'><em>autern</em></span> <span class='ocrx_word' id='word_1_237' title='bbox 904 1837 989 1900; x_wconf 84' lang='lat' dir='ltr'><em>libros</em></span> <span class='ocrx_word' id='word_1_238' title='bbox 1026 1834 1132 1917; x_wconf 78' lang='lat' dir='ltr'><em>aliquos</em></span> <span class='ocrx_word' id='word_1_239' title='bbox 1145 1833 1254 1910; x_wconf 72' lang='lat' dir='ltr'><em>funins</em></span> <span class='ocrx_word' id='word_1_240' title='bbox 1273 1832 1359 1896; x_wconf 81' lang='lat' dir='ltr'><em>sibeos</em></span> <span class='ocrx_word' id='word_1_241' title='bbox 1375 1830 1530 1914; x_wconf 78' lang='lat' dir='ltr'><em>prohibitos</em></span> <span class='ocrx_word' id='word_1_242' title='bbox 1604 1855 1646 1895; x_wconf 88' lang='lat' dir='ltr'><em>ete</em></span> <span class='ocrx_word' id='word_1_243' title='bbox 1658 1834 1820 1911; x_wconf 80' lang='lat' dir='ltr'><em>sciverint,</em></span> 
     </span>
     <span class='ocr_line' id='line_1_22' title="bbox 203 1913 1836 2000; baseline -0.003 -22"><span class='ocrx_word' id='word_1_244' title='bbox 203 1921 263 1979; x_wconf 84' lang='lat' dir='ltr'><em>osia</em></span> <span class='ocrx_word' id='word_1_245' title='bbox 283 1917 318 1979; x_wconf 89' lang='lat' dir='ltr'><em>de</em></span> <span class='ocrx_word' id='word_1_246' title='bbox 338 1921 420 1999; x_wconf 74' lang='lat' dir='ltr'><em>confir</em></span> <span class='ocrx_word' id='word_1_247' title='bbox 435 1916 590 2000; x_wconf 85' lang='lat' dir='ltr'><em>probibitos</em></span> <span class='ocrx_word' id='word_1_248' title='bbox 620 1919 755 2000; x_wconf 84' lang='lat' dir='ltr'><em>legerint,</em></span> <span class='ocrx_word' id='word_1_249' title='bbox 785 1914 987 1995; x_wconf 79' lang='lat' dir='ltr'><em>babuerimus,</em></span> <span class='ocrx_word' id='word_1_250' title='bbox 1029 1939 1071 1979; x_wconf 87' lang='lat' dir='ltr'><em>eos</em></span> <span class='ocrx_word' id='word_1_251' title='bbox 1091 1915 1254 1979; x_wconf 86' lang='lat' dir='ltr'><em>denunciare</em></span> <span class='ocrx_word' id='word_1_252' title='bbox 1272 1932 1431 1979; x_wconf 69' lang='lat' dir='ltr'><em>tenemus.</em></span> <span class='ocrx_word' id='word_1_253' title='bbox 1453 1917 1549 1993; x_wconf 87' lang='lat' dir='ltr'><em>Neque</em></span> <span class='ocrx_word' id='word_1_254' title='bbox 1568 1915 1607 1975; x_wconf 88' lang='lat' dir='ltr'><em>de</em></span> <span class='ocrx_word' id='word_1_255' title='bbox 1624 1913 1836 1988; x_wconf 77' lang='lat' dir='ltr'><em>ceterofimisrs·</em></span> 
     </span>
     <span class='ocr_line' id='line_1_23' title="bbox 199 1993 1825 2083; baseline -0.002 -25"><span class='ocrx_word' id='word_1_256' title='bbox 199 2017 301 2082; x_wconf 77' lang='lat' dir='ltr'><em>preter</em></span> <span class='ocrx_word' id='word_1_257' title='bbox 316 2004 425 2079; x_wconf 88' lang='lat' dir='ltr'><em>peccori</em></span> <span class='ocrx_word' id='word_1_258' title='bbox 445 1999 568 2061; x_wconf 83' lang='lat' dir='ltr'><em>mortalis</em></span> <span class='ocrx_word' id='word_1_259' title='bbox 588 2019 715 2074; x_wconf 86' lang='lat' dir='ltr'><em>reatum,</em></span> <span class='ocrx_word' id='word_1_260' title='bbox 737 2000 927 2083; x_wconf 69' lang='lat' dir='ltr'><em>Episcopoeum</em></span> <span class='ocrx_word' id='word_1_261' title='bbox 948 2023 990 2063; x_wconf 85' lang='lat' dir='ltr'><em>or·</em></span> <span class='ocrx_word' id='word_1_262' title='bbox 1031 1999 1169 2069; x_wconf 74' lang='lat' dir='ltr'><em>licentia,</em></span> <span class='ocrx_word' id='word_1_263' title='bbox 1190 1997 1245 2073; x_wconf 72' lang='lat' dir='ltr'><em>nost</em></span> <span class='ocrx_word' id='word_1_264' title='bbox 1261 2020 1281 2058; x_wconf 81' lang='lat' dir='ltr'><em>s</em></span> <span class='ocrx_word' id='word_1_265' title='bbox 1298 2003 1399 2080; x_wconf 79' lang='lat' dir='ltr'><em>congr.</em></span> <span class='ocrx_word' id='word_1_266' title='bbox 1420 2000 1451 2058; x_wconf 81' lang='lat'><em>5.</em></span> <span class='ocrx_word' id='word_1_267' title='bbox 1473 1993 1586 2071; x_wconf 82' lang='lat' dir='ltr'><em>Officii,</em></span> <span class='ocrx_word' id='word_1_268' title='bbox 1618 1996 1688 2057; x_wconf 89' lang='lat' dir='ltr'><em>dum</em></span> <span class='ocrx_word' id='word_1_269' title='bbox 1703 1994 1825 2075; x_wconf 76' lang='lat' dir='ltr'><em>fiagusis</em></span> 
     </span>
     <span class='ocr_line' id='line_1_24' title="bbox 205 2073 1824 2163; baseline -0.002 -22"><span class='ocrx_word' id='word_1_270' title='bbox 205 2080 288 2143; x_wconf 81' lang='lat' dir='ltr'><em>bitrio</em></span> <span class='ocrx_word' id='word_1_271' title='bbox 302 2081 447 2159; x_wconf 74' lang='lat' dir='ltr'><em>severefi·</em></span> <span class='ocrx_word' id='word_1_272' title='bbox 468 2084 593 2142; x_wconf 84' lang='lat' dir='ltr'><em>noverint</em></span> <span class='ocrx_word' id='word_1_273' title='bbox 607 2081 778 2163; x_wconf 86' lang='lat' dir='ltr'><em>puniendos.</em></span> <span class='ocrx_word' id='word_1_274' title='bbox 1031 2075 1213 2139; x_wconf 77' lang='lat' dir='ltr'><em>hebdomadis</em></span> <span class='ocrx_word' id='word_1_275' title='bbox 1231 2099 1321 2140; x_wconf 74' lang='lat' dir='ltr'><em>enam</em></span> <span class='ocrx_word' id='word_1_276' title='bbox 1340 2076 1420 2140; x_wconf 87' lang='lat' dir='ltr'><em>nobis</em></span> <span class='ocrx_word' id='word_1_277' title='bbox 1439 2073 1576 2153; x_wconf 79' lang='lat' dir='ltr'><em>babetur,</em></span> <span class='ocrx_word' id='word_1_278' title='bbox 1607 2079 1656 2138; x_wconf 83' lang='lat' dir='ltr'><em>vel</em></span> <span class='ocrx_word' id='word_1_279' title='bbox 1684 2074 1724 2137; x_wconf 81' lang='lat' dir='ltr'><em>ab</em></span> <span class='ocrx_word' id='word_1_280' title='bbox 1753 2077 1824 2138; x_wconf 68' lang='lat' dir='ltr'><em>aiios</em></span> 
     </span>
    </p>

    <p class='ocr_par' dir='ltr' id='par_1_3' title="bbox 149 2157 1899 3209">
     <span class='ocr_line' id='line_1_25' title="bbox 149 2157 1826 2299; baseline -0.003 -76"><span class='ocrx_word' id='word_1_281' title='bbox 149 2183 181 2223; x_wconf 90' lang='lat'><em>11</em></span> <span class='ocrx_word' id='word_1_282' title='bbox 245 2161 349 2236; x_wconf 82' lang='lat' dir='ltr'><em>Unde,</em></span> <span class='ocrx_word' id='word_1_283' title='bbox 372 2178 403 2223; x_wconf 90' lang='lat' dir='ltr'><em>ut</em></span> <span class='ocrx_word' id='word_1_284' title='bbox 424 2160 523 2235; x_wconf 86' lang='lat' dir='ltr'><em>vides,</em></span> <span class='ocrx_word' id='word_1_285' title='bbox 556 2160 615 2223; x_wconf 80' lang='lat' dir='ltr'><em>herc</em></span> <span class='ocrx_word' id='word_1_286' title='bbox 644 2159 826 2224; x_wconf 73' lang='lat' dir='ltr'><em>constitutio</em></span> <span class='ocrx_word' id='word_1_287' title='bbox 855 2159 902 2223; x_wconf 89' lang='lat' dir='ltr'><em>Pii</em></span> <span class='ocrx_word' id='word_1_288' title='bbox 932 2162 990 2222; x_wconf 77' lang='lat' dir='ltr'><em>lv.</em></span> <span class='ocrx_word' id='word_1_289' title='bbox 1026 2172 1078 2239; x_wconf 87' lang='lat' dir='ltr'><em>per</em></span> <span class='ocrx_word' id='word_1_290' title='bbox 1099 2161 1156 2219; x_wconf 90' lang='lat' dir='ltr'><em>Nos</em></span> <span class='ocrx_word' id='word_1_291' title='bbox 1175 2162 1260 2221; x_wconf 87' lang='lat' dir='ltr'><em>etiam</em></span> <span class='ocrx_word' id='word_1_292' title='bbox 1281 2162 1312 2220; x_wconf 90' lang='lat' dir='ltr'><em>in</em></span> <span class='ocrx_word' id='word_1_293' title='bbox 1332 2157 1394 2220; x_wconf 86' lang='lat' dir='ltr'><em>ead.</em></span> <span class='ocrx_word' id='word_1_294' title='bbox 1416 2159 1633 2238; x_wconf 78' lang='lat' dir='ltr'><em>congregatione</em></span> <span class='ocrx_word' id='word_1_295' title='bbox 1661 2160 1826 2299; x_wconf 59' lang='lat' dir='ltr'><em>spuissiter</em></span> 
     </span>
     <span class='ocr_line' id='line_1_26' title="bbox 205 2237 1822 2323; baseline -0.004 -18"><span class='ocrx_word' id='word_1_296' title='bbox 205 2240 332 2323; x_wconf 86' lang='lat' dir='ltr'><em>percutit</em></span> <span class='ocrx_word' id='word_1_297' title='bbox 363 2239 546 2304; x_wconf 80' lang='lat' dir='ltr'><em>solummodo</em></span> <span class='ocrx_word' id='word_1_298' title='bbox 579 2239 885 2304; x_wconf 80' lang='lat' dir='ltr'><em>excommunicatione</em></span> <span class='ocrx_word' id='word_1_299' title='bbox 927 2238 991 2300; x_wconf 80' lang='lat' dir='ltr'><em>satu</em></span> <span class='ocrx_word' id='word_1_300' title='bbox 1031 2238 1212 2319; x_wconf 73' lang='lat' dir='ltr'><em>deputandis,</em></span> <span class='ocrx_word' id='word_1_301' title='bbox 1234 2237 1412 2303; x_wconf 85' lang='lat' dir='ltr'><em>concedantur</em></span> <span class='ocrx_word' id='word_1_302' title='bbox 1434 2238 1499 2300; x_wconf 60' lang='lat' dir='ltr'><em>(uc.</em></span> <span class='ocrx_word' id='word_1_303' title='bbox 1535 2240 1603 2301; x_wconf 84' lang='lat' dir='ltr'><em>Dat.</em></span> <span class='ocrx_word' id='word_1_304' title='bbox 1629 2240 1667 2318; x_wconf 84' lang='lat' dir='ltr'><em>su</em></span> <span class='ocrx_word' id='word_1_305' title='bbox 1713 2237 1761 2298; x_wconf 87' lang='lat' dir='ltr'><em>die</em></span> <span class='ocrx_word' id='word_1_306' title='bbox 1790 2258 1822 2300; x_wconf 86' lang='lat'><em>2.</em></span> 
     </span>
     <span class='ocr_line' id='line_1_27' title="bbox 208 2316 1899 2402; baseline 0.001 -20"><span class='ocrx_word' id='word_1_307' title='bbox 208 2320 354 2384; x_wconf 78' lang='lat' dir='ltr'><em>sententia</em></span> <span class='ocrx_word' id='word_1_308' title='bbox 385 2341 442 2382; x_wconf 91' lang='lat' dir='ltr'><em>non</em></span> <span class='ocrx_word' id='word_1_309' title='bbox 474 2320 637 2392; x_wconf 80' lang='lat' dir='ltr'><em>reservata,</em></span> <span class='ocrx_word' id='word_1_310' title='bbox 670 2319 758 2382; x_wconf 87' lang='lat' dir='ltr'><em>libros</em></span> <span class='ocrx_word' id='word_1_311' title='bbox 794 2316 992 2401; x_wconf 83' lang='lat' dir='ltr'><em>quoscumque</em></span> <span class='ocrx_word' id='word_1_312' title='bbox 1033 2319 1140 2402; x_wconf 80' lang='lat' dir='ltr'><em>Aprilis</em></span> <span class='ocrx_word' id='word_1_313' title='bbox 1164 2324 1252 2398; x_wconf 84' lang='lat'>1631·</span> <span class='ocrx_word' id='word_1_314' title='bbox 1895 2379 1899 2386; x_wconf 83' lang='lat'>.</span> 
     </span>
     <span class='ocr_line' id='line_1_28' title="bbox 207 2396 1824 2483; baseline -0.003 -19"><span class='ocrx_word' id='word_1_315' title='bbox 207 2399 427 2472; x_wconf 70' lang='lat' dir='ltr'><em>hereticorum,</em></span> <span class='ocrx_word' id='word_1_316' title='bbox 449 2401 480 2462; x_wconf 76' lang='grc' dir='ltr'><em>δι</em></span> <span class='ocrx_word' id='word_1_317' title='bbox 502 2399 610 2472; x_wconf 89' lang='lat' dir='ltr'><em>libros,</em></span> <span class='ocrx_word' id='word_1_318' title='bbox 632 2415 682 2461; x_wconf 89' lang='lat' dir='ltr'><em>aot</em></span> <span class='ocrx_word' id='word_1_319' title='bbox 713 2397 836 2480; x_wconf 84' lang='lat' dir='ltr'><em>scripta,</em></span> <span class='ocrx_word' id='word_1_320' title='bbox 873 2417 992 2483; x_wconf 87' lang='lat' dir='ltr'><em>psopter</em></span> <span class='ocrx_word' id='word_1_321' title='bbox 1072 2397 1155 2474; x_wconf 81' lang='lat' dir='ltr'><em>Ubi,</em></span> <span class='ocrx_word' id='word_1_322' title='bbox 1179 2416 1210 2463; x_wconf 89' lang='lat' dir='ltr'><em>ut</em></span> <span class='ocrx_word' id='word_1_323' title='bbox 1231 2399 1330 2474; x_wconf 83' lang='lat' dir='ltr'><em>vides,</em></span> <span class='ocrx_word' id='word_1_324' title='bbox 1352 2399 1411 2462; x_wconf 83' lang='lat' dir='ltr'><em>haec</em></span> <span class='ocrx_word' id='word_1_325' title='bbox 1433 2396 1542 2461; x_wconf 86' lang='lat' dir='ltr'><em>ultima</em></span> <span class='ocrx_word' id='word_1_326' title='bbox 1561 2397 1671 2472; x_wconf 84' lang='lat' dir='ltr'><em>verba,</em></span> <span class='ocrx_word' id='word_1_327' title='bbox 1704 2399 1824 2480; x_wconf 77' lang='lat' dir='ltr'><em>Aliquos</em></span> 
     </span>
     <span class='ocr_line' id='line_1_29' title="bbox 206 2476 1826 2563; baseline -0.001 -19"><span class='ocrx_word' id='word_1_328' title='bbox 206 2480 351 2553; x_wconf 82' lang='lat' dir='ltr'><em>harefim,</em></span> <span class='ocrx_word' id='word_1_329' title='bbox 374 2480 419 2543; x_wconf 84' lang='lat' dir='ltr'><em>vei</em></span> <span class='ocrx_word' id='word_1_330' title='bbox 443 2477 502 2540; x_wconf 78' lang='lat' dir='ltr'><em>sassi</em></span> <span class='ocrx_word' id='word_1_331' title='bbox 525 2479 671 2558; x_wconf 79' lang='lat' dir='ltr'><em>dogmatis</em></span> <span class='ocrx_word' id='word_1_332' title='bbox 702 2477 892 2562; x_wconf 83' lang='lat' dir='ltr'><em>suspicionem</em></span> <span class='ocrx_word' id='word_1_333' title='bbox 925 2500 990 2557; x_wconf 86' lang='lat' dir='ltr'><em>pro·</em></span> <span class='ocrx_word' id='word_1_334' title='bbox 1027 2478 1132 2556; x_wconf 79' lang='lat' dir='ltr'><em>fimiter</em></span> <span class='ocrx_word' id='word_1_335' title='bbox 1150 2477 1236 2542; x_wconf 86' lang='lat' dir='ltr'><em>libros</em></span> <span class='ocrx_word' id='word_1_336' title='bbox 1251 2478 1424 2563; x_wconf 82' lang='lat' dir='ltr'><em>prohibitos,</em></span> <span class='ocrx_word' id='word_1_337' title='bbox 1447 2476 1605 2543; x_wconf 78' lang='lat' dir='ltr'><em>reseruntur</em></span> <span class='ocrx_word' id='word_1_338' title='bbox 1635 2478 1671 2543; x_wconf 80' lang='lat' dir='ltr'><em>nd</em></span> <span class='ocrx_word' id='word_1_339' title='bbox 1702 2479 1826 2561; x_wconf 82' lang='lat' dir='ltr'><em>priora:</em></span> 
     </span>
     <span class='ocr_line' id='line_1_30' title="bbox 205 2558 1824 2643; baseline 0.001 -21"><span class='ocrx_word' id='word_1_340' title='bbox 205 2562 320 2633; x_wconf 80' lang='lat' dir='ltr'><em>hibita,</em></span> <span class='ocrx_word' id='word_1_341' title='bbox 341 2559 397 2624; x_wconf 75' lang='lat' dir='ltr'><em>seve</em></span> <span class='ocrx_word' id='word_1_342' title='bbox 419 2560 471 2622; x_wconf 86' lang='lat' dir='ltr'><em>sint</em></span> <span class='ocrx_word' id='word_1_343' title='bbox 494 2559 712 2635; x_wconf 80' lang='lat' dir='ltr'><em>baereticorum,</em></span> <span class='ocrx_word' id='word_1_344' title='bbox 744 2562 800 2626; x_wconf 87' lang='lat' dir='ltr'><em>stve</em></span> <span class='ocrx_word' id='word_1_345' title='bbox 821 2559 990 2627; x_wconf 71' lang='lat' dir='ltr'><em>euthorico</em></span> <span class='ocrx_word' id='word_1_346' title='bbox 1033 2559 1131 2623; x_wconf 84' lang='lat' dir='ltr'><em>Libros</em></span> <span class='ocrx_word' id='word_1_347' title='bbox 1151 2563 1331 2643; x_wconf 88' lang='lat' dir='ltr'><em>quoscumque</em></span> <span class='ocrx_word' id='word_1_348' title='bbox 1350 2559 1386 2622; x_wconf 84' lang='lat' dir='ltr'><em>ob</em></span> <span class='ocrx_word' id='word_1_349' title='bbox 1403 2558 1545 2635; x_wconf 82' lang='lat' dir='ltr'><em>heresem,</em></span> <span class='ocrx_word' id='word_1_350' title='bbox 1579 2561 1629 2623; x_wconf 80' lang='lat' dir='ltr'><em>urs</em></span> <span class='ocrx_word' id='word_1_351' title='bbox 1651 2560 1726 2637; x_wconf 74' lang='lat' dir='ltr'><em>sossi</em></span> <span class='ocrx_word' id='word_1_352' title='bbox 1756 2564 1824 2642; x_wconf 77' lang='lat' dir='ltr'><em>dog-</em></span> 
     </span>
     <span class='ocr_line' id='line_1_31' title="bbox 208 2640 1824 2725; baseline -0.001 -22"><span class='ocrx_word' id='word_1_353' title='bbox 208 2663 297 2710; x_wconf 83' lang='lat' dir='ltr'><em>rum;</em></span> <span class='ocrx_word' id='word_1_354' title='bbox 319 2640 412 2704; x_wconf 86' lang='lat' dir='ltr'><em>Nossa</em></span> <span class='ocrx_word' id='word_1_355' title='bbox 432 2658 530 2703; x_wconf 87' lang='lat' dir='ltr'><em>aurem</em></span> <span class='ocrx_word' id='word_1_356' title='bbox 559 2641 862 2706; x_wconf 79' lang='lat' dir='ltr'><em>excommunicatione</em></span> <span class='ocrx_word' id='word_1_357' title='bbox 892 2661 991 2724; x_wconf 85' lang='lat' dir='ltr'><em>percu·</em></span> <span class='ocrx_word' id='word_1_358' title='bbox 1030 2645 1117 2705; x_wconf 83' lang='lat' dir='ltr'><em>motis</em></span> <span class='ocrx_word' id='word_1_359' title='bbox 1128 2642 1332 2725; x_wconf 73' lang='lat' dir='ltr'><em>suspicionem,</em></span> <span class='ocrx_word' id='word_1_360' title='bbox 1346 2645 1398 2723; x_wconf 86' lang='lat' dir='ltr'><em>seu</em></span> <span class='ocrx_word' id='word_1_361' title='bbox 1412 2658 1463 2720; x_wconf 85' lang='lat' dir='ltr'><em>pes</em></span> <span class='ocrx_word' id='word_1_362' title='bbox 1480 2640 1690 2718; x_wconf 76' lang='lat' dir='ltr'><em>constitutiones</em></span> <span class='ocrx_word' id='word_1_363' title='bbox 1708 2641 1824 2724; x_wconf 72' lang='lat' dir='ltr'><em>Aposto-</em></span> 
     </span>
     <span class='ocr_line' id='line_1_32' title="bbox 207 2720 1739 2803; baseline 0 -19"><span class='ocrx_word' id='word_1_364' title='bbox 207 2721 245 2784; x_wconf 87' lang='lat' dir='ltr'><em>tit</em></span> <span class='ocrx_word' id='word_1_365' title='bbox 268 2720 357 2784; x_wconf 82' lang='lat' dir='ltr'><em>libros</em></span> <span class='ocrx_word' id='word_1_366' title='bbox 386 2720 606 2784; x_wconf 75' lang='lat' dir='ltr'><em>catholicorum</em></span> <span class='ocrx_word' id='word_1_367' title='bbox 639 2722 803 2803; x_wconf 82' lang='lat' dir='ltr'><em>prohibitos</em></span> <span class='ocrx_word' id='word_1_368' title='bbox 831 2723 871 2785; x_wconf 91' lang='lat' dir='ltr'><em>ob</em></span> <span class='ocrx_word' id='word_1_369' title='bbox 901 2723 989 2785; x_wconf 86' lang='lat' dir='ltr'><em>asiam</em></span> <span class='ocrx_word' id='word_1_370' title='bbox 1031 2725 1103 2785; x_wconf 83' lang='lat' dir='ltr'><em>sicus</em></span> <span class='ocrx_word' id='word_1_371' title='bbox 1123 2725 1209 2786; x_wconf 85' lang='lat' dir='ltr'><em>etiam</em></span> <span class='ocrx_word' id='word_1_372' title='bbox 1228 2723 1386 2803; x_wconf 78' lang='lat' dir='ltr'><em>Assrosogiae</em></span> <span class='ocrx_word' id='word_1_373' title='bbox 1400 2722 1586 2800; x_wconf 74' lang='lat' dir='ltr'><em>judiciarie,</em></span> <span class='ocrx_word' id='word_1_374' title='bbox 1609 2722 1739 2785; x_wconf 82' lang='lat' dir='ltr'><em>vesosios</em></span> 
     </span>
     <span class='ocr_line' id='line_1_33' title="bbox 208 2746 1828 2888; baseline 0.001 -23"><span class='ocrx_word' id='word_1_375' title='bbox 208 2801 341 2888; x_wconf 83' lang='lat' dir='ltr'><em>causam,</em></span> <span class='ocrx_word' id='word_1_376' title='bbox 363 2825 394 2865; x_wconf 88' lang='lat' dir='ltr'><em>v.</em></span> <span class='ocrx_word' id='word_1_377' title='bbox 416 2822 459 2883; x_wconf 80' lang='lat' dir='ltr'><em>gr.</em></span> <span class='ocrx_word' id='word_1_378' title='bbox 481 2800 551 2881; x_wconf 89' lang='lat' dir='ltr'><em>quia</em></span> <span class='ocrx_word' id='word_1_379' title='bbox 572 2799 635 2865; x_wconf 88' lang='lat' dir='ltr'><em>sunt</em></span> <span class='ocrx_word' id='word_1_380' title='bbox 667 2821 770 2865; x_wconf 86' lang='lat' dir='ltr'><em>contra</em></span> <span class='ocrx_word' id='word_1_381' title='bbox 801 2802 895 2865; x_wconf 88' lang='lat' dir='ltr'><em>bonos</em></span> <span class='ocrx_word' id='word_1_382' title='bbox 927 2825 990 2866; x_wconf 89' lang='lat' dir='ltr'><em>mo·</em></span> <span class='ocrx_word' id='word_1_383' title='bbox 1032 2803 1181 2866; x_wconf 84' lang='lat' dir='ltr'><em>modoiibet</em></span> <span class='ocrx_word' id='word_1_384' title='bbox 1196 2803 1368 2887; x_wconf 78' lang='lat' dir='ltr'><em>prohibitos.</em></span> <span class='ocrx_word' id='word_1_385' title='bbox 1391 2803 1476 2867; x_wconf 86' lang='lat' dir='ltr'><em>Unde</em></span> <span class='ocrx_word' id='word_1_386' title='bbox 1496 2746 1828 2884; x_wconf 53' lang='lat' dir='ltr'><em>ptaesatiSummiffi</em></span> 
     </span>
     <span class='ocr_line' id='line_1_34' title="bbox 211 2880 1823 2967; baseline 0.002 -22"><span class='ocrx_word' id='word_1_387' title='bbox 211 2905 271 2956; x_wconf 85' lang='lat' dir='ltr'><em>res,</em></span> <span class='ocrx_word' id='word_1_388' title='bbox 295 2902 415 2966; x_wconf 87' lang='lat' dir='ltr'><em>pacem,</em></span> <span class='ocrx_word' id='word_1_389' title='bbox 439 2882 470 2944; x_wconf 73' lang='grc' dir='ltr'>ἃ</span> <span class='ocrx_word' id='word_1_390' title='bbox 489 2880 665 2957; x_wconf 87' lang='lat' dir='ltr'><em>caritatem,</em></span> <span class='ocrx_word' id='word_1_391' title='bbox 688 2884 718 2945; x_wconf 79' lang='grc' dir='ltr'><em>δι</em></span> <span class='ocrx_word' id='word_1_392' title='bbox 740 2880 922 2958; x_wconf 79' lang='lat' dir='ltr'><em>hujusmodi,</em></span> <span class='ocrx_word' id='word_1_393' title='bbox 946 2882 991 2947; x_wconf 79' lang='lat' dir='ltr'><em>sed</em></span> <span class='ocrx_word' id='word_1_394' title='bbox 1031 2884 1125 2950; x_wconf 81' lang='lat' dir='ltr'><em>tisices</em></span> <span class='ocrx_word' id='word_1_395' title='bbox 1166 2884 1340 2967; x_wconf 73' lang='lat' dir='ltr'><em>recipiunt,</em></span> <span class='ocrx_word' id='word_1_396' title='bbox 1361 2882 1575 2948; x_wconf 79' lang='lat' dir='ltr'><em>denuntiandus</em></span> <span class='ocrx_word' id='word_1_397' title='bbox 1602 2881 1657 2946; x_wconf 74' lang='lat' dir='ltr'><em>offe</em></span> <span class='ocrx_word' id='word_1_398' title='bbox 1685 2905 1705 2947; x_wconf 86' lang='lat' dir='ltr'><em>a</em></span> <span class='ocrx_word' id='word_1_399' title='bbox 1734 2882 1823 2948; x_wconf 83' lang='lat' dir='ltr'><em>scien-</em></span> 
     </span>
     <span class='ocr_line' id='line_1_35' title="bbox 212 2959 1822 3047; baseline 0.001 -23"><span class='ocrx_word' id='word_1_400' title='bbox 212 2962 304 3026; x_wconf 80' lang='lat' dir='ltr'><em>soium</em></span> <span class='ocrx_word' id='word_1_401' title='bbox 334 2961 460 3025; x_wconf 74' lang='lat' dir='ltr'><em>densarat</em></span> <span class='ocrx_word' id='word_1_402' title='bbox 496 2959 571 3044; x_wconf 86' lang='lat' dir='ltr'><em>ipsos</em></span> <span class='ocrx_word' id='word_1_403' title='bbox 603 2963 747 3046; x_wconf 75' lang='lat' dir='ltr'><em>legentes,</em></span> <span class='ocrx_word' id='word_1_404' title='bbox 778 2963 808 3026; x_wconf 78' lang='grc' dir='ltr'><em>δι</em></span> <span class='ocrx_word' id='word_1_405' title='bbox 842 2962 996 3032; x_wconf 83' lang='lat' dir='ltr'><em>retinentes</em></span> <span class='ocrx_word' id='word_1_406' title='bbox 1036 2964 1115 3030; x_wconf 84' lang='lat' dir='ltr'><em>tibus</em></span> <span class='ocrx_word' id='word_1_407' title='bbox 1172 2966 1298 3031; x_wconf 83' lang='lat' dir='ltr'><em>tinentes</em></span> <span class='ocrx_word' id='word_1_408' title='bbox 1320 2965 1409 3030; x_wconf 87' lang='lat' dir='ltr'><em>libros</em></span> <span class='ocrx_word' id='word_1_409' title='bbox 1460 2962 1659 3028; x_wconf 87' lang='lat' dir='ltr'><em>uumudoiibet</em></span> <span class='ocrx_word' id='word_1_410' title='bbox 1690 2963 1822 3047; x_wconf 74' lang='lat' dir='ltr'><em>prostibi-</em></span> 
     </span>
     <span class='ocr_line' id='line_1_36' title="bbox 211 2984 1823 3140; baseline 0.002 -36"><span class='ocrx_word' id='word_1_411' title='bbox 211 3044 354 3107; x_wconf 86' lang='lat' dir='ltr'><em>incurreto</em></span> <span class='ocrx_word' id='word_1_412' title='bbox 375 3040 486 3125; x_wconf 82' lang='lat' dir='ltr'><em>peccati</em></span> <span class='ocrx_word' id='word_1_413' title='bbox 509 3043 643 3106; x_wconf 83' lang='lat' dir='ltr'><em>mortalis</em></span> <span class='ocrx_word' id='word_1_414' title='bbox 665 3061 796 3119; x_wconf 86' lang='lat' dir='ltr'><em>reatum,</em></span> <span class='ocrx_word' id='word_1_415' title='bbox 819 3043 850 3106; x_wconf 78' lang='grc' dir='ltr'><em>δι</em></span> <span class='ocrx_word' id='word_1_416' title='bbox 884 3043 935 3108; x_wconf 86' lang='lat' dir='ltr'><em>esse</em></span> <span class='ocrx_word' id='word_1_417' title='bbox 957 3043 994 3109; x_wconf 81' lang='lat' dir='ltr'><em>se·</em></span> <span class='ocrx_word' id='word_1_418' title='bbox 1036 3045 1193 3112; x_wconf 79' lang='lat' dir='ltr'><em>roseriam</em></span> <span class='ocrx_word' id='word_1_419' title='bbox 1215 3045 1364 3109; x_wconf 75' lang='lat' dir='ltr'><em>obdiam</em></span> <span class='ocrx_word' id='word_1_420' title='bbox 1386 2984 1523 3120; x_wconf 75' lang='lat' dir='ltr'><em>cauiam,</em></span> <span class='ocrx_word' id='word_1_421' title='bbox 1544 3064 1608 3140; x_wconf 82' lang='lat' dir='ltr'><em>quae</em></span> <span class='ocrx_word' id='word_1_422' title='bbox 1631 3064 1690 3109; x_wconf 87' lang='lat' dir='ltr'><em>non</em></span> <span class='ocrx_word' id='word_1_423' title='bbox 1711 3045 1747 3110; x_wconf 86' lang='lat' dir='ltr'><em>fit</em></span> <span class='ocrx_word' id='word_1_424' title='bbox 1767 3045 1823 3108; x_wconf 73' lang='lat' dir='ltr'><em>ira·</em></span> 
     </span>
     <span class='ocr_line' id='line_1_37' title="bbox 210 3121 1608 3209; baseline -0.001 -19"><span class='ocrx_word' id='word_1_425' title='bbox 210 3146 276 3190; x_wconf 83' lang='lat' dir='ltr'><em>vere</em></span> <span class='ocrx_word' id='word_1_426' title='bbox 300 3121 404 3208; x_wconf 86' lang='lat' dir='ltr'><em>Episco</em></span> <span class='ocrx_word' id='word_1_427' title='bbox 447 3143 510 3186; x_wconf 90' lang='lat' dir='ltr'><em>rum</em></span> <span class='ocrx_word' id='word_1_428' title='bbox 532 3122 653 3187; x_wconf 87' lang='lat' dir='ltr'><em>arbitrio</em></span> <span class='ocrx_word' id='word_1_429' title='bbox 674 3125 852 3207; x_wconf 85' lang='lat' dir='ltr'><em>puniendos.</em></span> <span class='ocrx_word' id='word_1_430' title='bbox 1037 3127 1121 3202; x_wconf 86' lang='lat' dir='ltr'><em>refis,</em></span> <span class='ocrx_word' id='word_1_431' title='bbox 1144 3146 1195 3192; x_wconf 89' lang='lat' dir='ltr'><em>aut</em></span> <span class='ocrx_word' id='word_1_432' title='bbox 1216 3125 1276 3190; x_wconf 75' lang='lat' dir='ltr'><em>salsi</em></span> <span class='ocrx_word' id='word_1_433' title='bbox 1296 3128 1442 3209; x_wconf 79' lang='lat' dir='ltr'><em>dogmatis</em></span> <span class='ocrx_word' id='word_1_434' title='bbox 1462 3125 1608 3209; x_wconf 77' lang='lat' dir='ltr'><em>torpino.</em></span> 
     </span>
    </p>

    <p class='ocr_par' dir='ltr' id='par_1_4' title="bbox 157 3203 1890 3855">
     <span class='ocr_line' id='line_1_38' title="bbox 157 3203 1890 3291; baseline 0 -21"><span class='ocrx_word' id='word_1_435' title='bbox 157 3229 190 3270; x_wconf 87' lang='lat'><em>12</em></span> <span class='ocrx_word' id='word_1_436' title='bbox 253 3203 390 3270; x_wconf 86' lang='lat' dir='ltr'><em>Ceterum</em></span> <span class='ocrx_word' id='word_1_437' title='bbox 425 3206 482 3267; x_wconf 88' lang='lat' dir='ltr'><em>icet</em></span> <span class='ocrx_word' id='word_1_438' title='bbox 503 3205 646 3285; x_wconf 86' lang='lat' dir='ltr'><em>legentes,</em></span> <span class='ocrx_word' id='word_1_439' title='bbox 677 3222 807 3268; x_wconf 83' lang='lat' dir='ltr'><em>tenentes</em></span> <span class='ocrx_word' id='word_1_440' title='bbox 827 3206 884 3267; x_wconf 72' lang='lat' dir='ltr'><em>dcc.</em></span> <span class='ocrx_word' id='word_1_441' title='bbox 908 3204 999 3270; x_wconf 78' lang='lat' dir='ltr'><em>libros</em></span> <span class='ocrx_word' id='word_1_442' title='bbox 1078 3209 1157 3271; x_wconf 84' lang='lat' dir='ltr'><em>Hinc</em></span> <span class='ocrx_word' id='word_1_443' title='bbox 1177 3209 1229 3289; x_wconf 90' lang='lat' dir='ltr'><em>qui</em></span> <span class='ocrx_word' id='word_1_444' title='bbox 1250 3208 1377 3272; x_wconf 82' lang='lat' dir='ltr'><em>assereret</em></span> <span class='ocrx_word' id='word_1_445' title='bbox 1398 3207 1473 3291; x_wconf 86' lang='lat' dir='ltr'><em>posse</em></span> <span class='ocrx_word' id='word_1_446' title='bbox 1495 3208 1525 3268; x_wconf 88' lang='lat' dir='ltr'><em>in</em></span> <span class='ocrx_word' id='word_1_447' title='bbox 1555 3203 1729 3272; x_wconf 69' lang='lat' dir='ltr'><em>constitutio</em></span> <span class='ocrx_word' id='word_1_448' title='bbox 1747 3204 1818 3269; x_wconf 86' lang='lat' dir='ltr'><em>reti·</em></span> <span class='ocrx_word' id='word_1_449' title='bbox 1844 3213 1890 3286; x_wconf 54' lang='grc' dir='ltr'><em>ιιι</em></span> 
     </span>
     <span class='ocr_line' id='line_1_39' title="bbox 212 3283 1822 3372; baseline 0.002 -27"><span class='ocrx_word' id='word_1_450' title='bbox 212 3285 376 3369; x_wconf 81' lang='lat' dir='ltr'><em>prohibitos</em></span> <span class='ocrx_word' id='word_1_451' title='bbox 397 3284 488 3350; x_wconf 86' lang='lat' dir='ltr'><em>susum</em></span> <span class='ocrx_word' id='word_1_452' title='bbox 511 3286 580 3365; x_wconf 88' lang='lat' dir='ltr'><em>quia</em></span> <span class='ocrx_word' id='word_1_453' title='bbox 600 3283 665 3346; x_wconf 87' lang='lat' dir='ltr'><em>sunt</em></span> <span class='ocrx_word' id='word_1_454' title='bbox 684 3301 787 3348; x_wconf 88' lang='lat' dir='ltr'><em>contra</em></span> <span class='ocrx_word' id='word_1_455' title='bbox 817 3285 911 3347; x_wconf 89' lang='lat' dir='ltr'><em>bonos</em></span> <span class='ocrx_word' id='word_1_456' title='bbox 932 3308 994 3348; x_wconf 88' lang='lat' dir='ltr'><em>mo-</em></span> <span class='ocrx_word' id='word_1_457' title='bbox 1037 3289 1096 3349; x_wconf 89' lang='lat' dir='ltr'><em>neri</em></span> <span class='ocrx_word' id='word_1_458' title='bbox 1120 3287 1207 3352; x_wconf 83' lang='lat' dir='ltr'><em>libros</em></span> <span class='ocrx_word' id='word_1_459' title='bbox 1228 3288 1392 3372; x_wconf 84' lang='lat' dir='ltr'><em>prohibitos</em></span> <span class='ocrx_word' id='word_1_460' title='bbox 1412 3309 1470 3352; x_wconf 91' lang='lat' dir='ltr'><em>non</em></span> <span class='ocrx_word' id='word_1_461' title='bbox 1491 3288 1531 3350; x_wconf 91' lang='lat' dir='ltr'><em>ob</em></span> <span class='ocrx_word' id='word_1_462' title='bbox 1552 3288 1695 3362; x_wconf 74' lang='lat' dir='ltr'><em>heresim,</em></span> <span class='ocrx_word' id='word_1_463' title='bbox 1718 3308 1769 3350; x_wconf 89' lang='lat' dir='ltr'><em>nec</em></span> <span class='ocrx_word' id='word_1_464' title='bbox 1782 3287 1822 3349; x_wconf 87' lang='lat' dir='ltr'><em>ob</em></span> 
     </span>
     <span class='ocr_line' id='line_1_40' title="bbox 212 3362 1823 3452; baseline 0 -25"><span class='ocrx_word' id='word_1_465' title='bbox 212 3387 272 3436; x_wconf 85' lang='lat' dir='ltr'><em>res,</em></span> <span class='ocrx_word' id='word_1_466' title='bbox 295 3385 423 3447; x_wconf 83' lang='lat' dir='ltr'><em>pacem,</em></span> <span class='ocrx_word' id='word_1_467' title='bbox 455 3365 485 3426; x_wconf 75' lang='grc' dir='ltr'><strong>ἅ</strong></span> <span class='ocrx_word' id='word_1_468' title='bbox 515 3364 704 3441; x_wconf 78' lang='lat' dir='ltr'><em>Casinatem,</em></span> <span class='ocrx_word' id='word_1_469' title='bbox 736 3362 781 3429; x_wconf 88' lang='lat' dir='ltr'><em>seu</em></span> <span class='ocrx_word' id='word_1_470' title='bbox 810 3364 993 3440; x_wconf 72' lang='lat' dir='ltr'><em>huiusmodi,</em></span> <span class='ocrx_word' id='word_1_471' title='bbox 1037 3368 1099 3432; x_wconf 85' lang='lat' dir='ltr'><em>sassi</em></span> <span class='ocrx_word' id='word_1_472' title='bbox 1118 3367 1265 3450; x_wconf 81' lang='lat' dir='ltr'><em>dogmatis</em></span> <span class='ocrx_word' id='word_1_473' title='bbox 1285 3367 1492 3452; x_wconf 80' lang='lat' dir='ltr'><em>suspicionem,</em></span> <span class='ocrx_word' id='word_1_474' title='bbox 1515 3367 1559 3430; x_wconf 85' lang='lat' dir='ltr'><em>sed</em></span> <span class='ocrx_word' id='word_1_475' title='bbox 1579 3366 1823 3432; x_wconf 82' lang='lat' dir='ltr'><em>solmnobaliam</em></span> 
     </span>
     <span class='ocr_line' id='line_1_41' title="bbox 212 3444 1822 3546; baseline 0.002 -40"><span class='ocrx_word' id='word_1_476' title='bbox 212 3445 321 3507; x_wconf 85' lang='lat' dir='ltr'><em>nullam</em></span> <span class='ocrx_word' id='word_1_477' title='bbox 353 3445 502 3508; x_wconf 86' lang='lat' dir='ltr'><em>incurrant</em></span> <span class='ocrx_word' id='word_1_478' title='bbox 531 3444 894 3522; x_wconf 83' lang='lat' dir='ltr'><em>excommunicationem,</em></span> <span class='ocrx_word' id='word_1_479' title='bbox 931 3444 994 3509; x_wconf 89' lang='lat' dir='ltr'><em>sunt</em></span> <span class='ocrx_word' id='word_1_480' title='bbox 1036 3448 1169 3522; x_wconf 86' lang='lat' dir='ltr'><em>causam,</em></span> <span class='ocrx_word' id='word_1_481' title='bbox 1191 3472 1222 3513; x_wconf 87' lang='lat' dir='ltr'><em>v.</em></span> <span class='ocrx_word' id='word_1_482' title='bbox 1244 3470 1286 3546; x_wconf 73' lang='lat' dir='ltr'><em>gr.</em></span> <span class='ocrx_word' id='word_1_483' title='bbox 1332 3450 1380 3513; x_wconf 90' lang='lat' dir='ltr'><em>uia</em></span> <span class='ocrx_word' id='word_1_484' title='bbox 1403 3448 1467 3512; x_wconf 91' lang='lat' dir='ltr'><em>sunt</em></span> <span class='ocrx_word' id='word_1_485' title='bbox 1489 3447 1822 3523; x_wconf 84' lang='lat' dir='ltr'><em>contrabonosmores,</em></span> 
     </span>
     <span class='ocr_line' id='line_1_42' title="bbox 212 3524 1826 3608; baseline 0.001 -19"><span class='ocrx_word' id='word_1_486' title='bbox 212 3544 310 3589; x_wconf 83' lang='lat' dir='ltr'><em>tamen</em></span> <span class='ocrx_word' id='word_1_487' title='bbox 332 3524 542 3598; x_wconf 81' lang='lat' dir='ltr'><em>denuntiandi,</em></span> <span class='ocrx_word' id='word_1_488' title='bbox 565 3542 597 3588; x_wconf 91' lang='lat' dir='ltr'><em>ut</em></span> <span class='ocrx_word' id='word_1_489' title='bbox 627 3528 701 3589; x_wconf 85' lang='lat' dir='ltr'><em>ciate</em></span> <span class='ocrx_word' id='word_1_490' title='bbox 731 3543 810 3608; x_wconf 87' lang='lat' dir='ltr'><em>patet</em></span> <span class='ocrx_word' id='word_1_491' title='bbox 844 3549 878 3591; x_wconf 82' lang='lat' dir='ltr'><em>et</em></span> <span class='ocrx_word' id='word_1_492' title='bbox 911 3525 995 3589; x_wconf 82' lang='lat' dir='ltr'><em>Boisa</em></span> <span class='ocrx_word' id='word_1_493' title='bbox 1037 3530 1068 3593; x_wconf 77' lang='grc' dir='ltr'><em>δι</em></span> <span class='ocrx_word' id='word_1_494' title='bbox 1091 3525 1274 3605; x_wconf 78' lang='lat' dir='ltr'><em>huiusmodi,</em></span> <span class='ocrx_word' id='word_1_495' title='bbox 1296 3551 1312 3593; x_wconf 91' lang='lat' dir='ltr'><em>e</em></span> <span class='ocrx_word' id='word_1_496' title='bbox 1334 3548 1364 3595; x_wconf 91' lang='lat' dir='ltr'><em>et</em></span> <span class='ocrx_word' id='word_1_497' title='bbox 1383 3528 1596 3594; x_wconf 74' lang='lat' dir='ltr'><em>denuntiandus</em></span> <span class='ocrx_word' id='word_1_498' title='bbox 1627 3547 1661 3592; x_wconf 91' lang='lat' dir='ltr'><em>ut</em></span> <span class='ocrx_word' id='word_1_499' title='bbox 1692 3526 1826 3591; x_wconf 84' lang='lat' dir='ltr'><em>Assertot</em></span> 
     </span>
     <span class='ocr_line' id='line_1_43' title="bbox 212 3605 1877 3693; baseline 0.002 -25"><span class='ocrx_word' id='word_1_500' title='bbox 212 3608 350 3687; x_wconf 82' lang='lat' dir='ltr'><em>Gregorii</em></span> <span class='ocrx_word' id='word_1_501' title='bbox 370 3606 440 3668; x_wconf 85' lang='lat' dir='ltr'><em>XV.</em></span> <span class='ocrx_word' id='word_1_502' title='bbox 463 3605 550 3688; x_wconf 87' lang='lat' dir='ltr'><em>incip.</em></span> <span class='ocrx_word' id='word_1_503' title='bbox 573 3605 745 3689; x_wconf 71' lang='lat' dir='ltr'><em>Aposiosasus</em></span> <span class='ocrx_word' id='word_1_504' title='bbox 766 3607 918 3684; x_wconf 82' lang='lat' dir='ltr'><em>Officium,</em></span> <span class='ocrx_word' id='word_1_505' title='bbox 938 3607 998 3669; x_wconf 86' lang='lat' dir='ltr'><em>odi-</em></span> <span class='ocrx_word' id='word_1_506' title='bbox 1038 3609 1248 3693; x_wconf 85' lang='lat' dir='ltr'><em>propositionis</em></span> <span class='ocrx_word' id='word_1_507' title='bbox 1265 3612 1442 3684; x_wconf 83' lang='lat' dir='ltr'><em>temeraria,</em></span> <span class='ocrx_word' id='word_1_508' title='bbox 1465 3610 1497 3674; x_wconf 74' lang='lat' dir='ltr'><em>dt</em></span> <span class='ocrx_word' id='word_1_509' title='bbox 1519 3606 1704 3673; x_wconf 71' lang='lat' dir='ltr'><em>scandaloso..</em></span> <span class='ocrx_word' id='word_1_510' title='bbox 1742 3610 1820 3672; x_wconf 86' lang='lat' dir='ltr'><em>Item</em></span> <span class='ocrx_word' id='word_1_511' title='bbox 1844 3630 1877 3690; x_wconf 88' lang='lat'><em>15</em></span> 
     </span>
     <span class='ocr_line' id='line_1_44' title="bbox 212 3684 1826 3773; baseline 0.004 -26"><span class='ocrx_word' id='word_1_512' title='bbox 212 3684 998 3765; x_wconf 78' lang='lat' dir='ltr'><em>to30.Decembe.1621.&amp;innovataabUrbanu</em></span> <span class='ocrx_word' id='word_1_513' title='bbox 1038 3691 1252 3754; x_wconf 80' lang='lat' dir='ltr'><em>denuntiandus</em></span> <span class='ocrx_word' id='word_1_514' title='bbox 1271 3691 1357 3768; x_wconf 85' lang='lat' dir='ltr'><em>esset,</em></span> <span class='ocrx_word' id='word_1_515' title='bbox 1377 3693 1429 3773; x_wconf 89' lang='lat' dir='ltr'><em>qui</em></span> <span class='ocrx_word' id='word_1_516' title='bbox 1462 3690 1619 3765; x_wconf 84' lang='lat' dir='ltr'><em>assereret,</em></span> <span class='ocrx_word' id='word_1_517' title='bbox 1648 3689 1728 3772; x_wconf 90' lang='lat' dir='ltr'><em>qood</em></span> <span class='ocrx_word' id='word_1_518' title='bbox 1759 3688 1826 3754; x_wconf 85' lang='lat' dir='ltr'><em>iibri</em></span> 
     </span>
     <span class='ocr_line' id='line_1_45' title="bbox 213 3766 1825 3855; baseline 0.002 -24"><span class='ocrx_word' id='word_1_519' title='bbox 213 3769 307 3831; x_wconf 79' lang='lat' dir='ltr'><strong>VIII.</strong></span> <span class='ocrx_word' id='word_1_520' title='bbox 330 3789 357 3831; x_wconf 86' lang='lat'><em>2.</em></span> <span class='ocrx_word' id='word_1_521' title='bbox 381 3767 480 3850; x_wconf 81' lang='lat' dir='ltr'><em>Apris.</em></span> <span class='ocrx_word' id='word_1_522' title='bbox 506 3771 593 3850; x_wconf 83' lang='lat'>1631.</span> <span class='ocrx_word' id='word_1_523' title='bbox 616 3787 648 3833; x_wconf 84' lang='lat' dir='ltr'><em>ot</em></span> <span class='ocrx_word' id='word_1_524' title='bbox 671 3766 815 3847; x_wconf 87' lang='lat' dir='ltr'><em>sequitur.</em></span> <span class='ocrx_word' id='word_1_525' title='bbox 1037 3792 1097 3835; x_wconf 87' lang='lat' dir='ltr'><em>non</em></span> <span class='ocrx_word' id='word_1_526' title='bbox 1119 3790 1168 3855; x_wconf 85' lang='lat' dir='ltr'><em>per</em></span> <span class='ocrx_word' id='word_1_527' title='bbox 1190 3788 1257 3834; x_wconf 85' lang='lat' dir='ltr'><em>eruo</em></span> <span class='ocrx_word' id='word_1_528' title='bbox 1277 3772 1440 3854; x_wconf 87' lang='lat' dir='ltr'><em>prohibiti,</em></span> <span class='ocrx_word' id='word_1_529' title='bbox 1463 3771 1511 3837; x_wconf 85' lang='lat' dir='ltr'><em>sed</em></span> <span class='ocrx_word' id='word_1_530' title='bbox 1541 3772 1630 3834; x_wconf 84' lang='lat' dir='ltr'><em>donee</em></span> <span class='ocrx_word' id='word_1_531' title='bbox 1664 3790 1825 3853; x_wconf 74' lang='lat' dir='ltr'><em>expurgen-</em></span> 
     </span>
    </p>

    <p class='ocr_par' dir='ltr' id='par_1_5' title="bbox 157 3790 1922 4724">
     <span class='ocr_line' id='line_1_46' title="bbox 157 3790 1826 3933; baseline 0.002 -24"><span class='ocrx_word' id='word_1_532' title='bbox 157 3870 190 3931; x_wconf 85' lang='lat'><em>13</em></span> <span class='ocrx_word' id='word_1_533' title='bbox 253 3850 420 3932; x_wconf 68' lang='lat' dir='ltr'><em>Apossoiatus</em></span> <span class='ocrx_word' id='word_1_534' title='bbox 439 3848 560 3926; x_wconf 79' lang='lat' dir='ltr'><em>officium</em></span> <span class='ocrx_word' id='word_1_535' title='bbox 580 3849 644 3915; x_wconf 64' lang='lat' dir='ltr'><em>(uc.</em></span> <span class='ocrx_word' id='word_1_536' title='bbox 667 3857 741 3914; x_wconf 89' lang='lat' dir='ltr'><em>Cum</em></span> <span class='ocrx_word' id='word_1_537' title='bbox 769 3849 900 3912; x_wconf 78' lang='lat' dir='ltr'><em>librorum</em></span> <span class='ocrx_word' id='word_1_538' title='bbox 919 3848 1000 3913; x_wconf 70' lang='lat' dir='ltr'><em>baisio</em></span> <span class='ocrx_word' id='word_1_539' title='bbox 1038 3869 1103 3929; x_wconf 77' lang='lat' dir='ltr'><em>tur,</em></span> <span class='ocrx_word' id='word_1_540' title='bbox 1126 3790 1238 3933; x_wconf 58' lang='lat' dir='ltr'><em>poium</em></span> <span class='ocrx_word' id='word_1_541' title='bbox 1260 3851 1395 3929; x_wconf 77' lang='lat' dir='ltr'><em>retineri,</em></span> <span class='ocrx_word' id='word_1_542' title='bbox 1417 3850 1505 3933; x_wconf 78' lang='lat' dir='ltr'><em>usque</em></span> <span class='ocrx_word' id='word_1_543' title='bbox 1532 3851 1601 3917; x_wconf 78' lang='lat' dir='ltr'><em>dum</em></span> <span class='ocrx_word' id='word_1_544' title='bbox 1631 3851 1765 3916; x_wconf 74' lang='lat' dir='ltr'><em>adhibita</em></span> <span class='ocrx_word' id='word_1_545' title='bbox 1784 3851 1826 3914; x_wconf 83' lang='lat' dir='ltr'><em>di-</em></span> 
     </span>
     <span class='ocr_line' id='line_1_47' title="bbox 216 3930 1826 4015; baseline 0.003 -26"><span class='ocrx_word' id='word_1_546' title='bbox 216 3952 263 3990; x_wconf 89' lang='lat' dir='ltr'><em>mo</em></span> <span class='ocrx_word' id='word_1_547' title='bbox 280 3954 313 3991; x_wconf 86' lang='lat' dir='ltr'><em>no</em></span> <span class='ocrx_word' id='word_1_548' title='bbox 344 3953 436 3993; x_wconf 79' lang='lat' dir='ltr'><em>onena</em></span> <span class='ocrx_word' id='word_1_549' title='bbox 466 3930 549 3992; x_wconf 81' lang='lat' dir='ltr'><em>Fidei</em></span> <span class='ocrx_word' id='word_1_550' title='bbox 580 3930 726 3993; x_wconf 79' lang='lat' dir='ltr'><em>colonibus</em></span> <span class='ocrx_word' id='word_1_551' title='bbox 757 3930 919 3994; x_wconf 85' lang='lat' dir='ltr'><em>detrimento</em></span> <span class='ocrx_word' id='word_1_552' title='bbox 949 3934 1001 4009; x_wconf 76' lang='lat' dir='ltr'><em>esse</em></span> <span class='ocrx_word' id='word_1_553' title='bbox 1041 3933 1162 4015; x_wconf 75' lang='lat' dir='ltr'><em>{igentia</em></span> <span class='ocrx_word' id='word_1_554' title='bbox 1181 3933 1383 4014; x_wconf 60' lang='lat' dir='ltr'><em>contiguorum</em></span> <span class='ocrx_word' id='word_1_555' title='bbox 1416 3933 1500 3998; x_wconf 80' lang='lat' dir='ltr'><em>sicuti</em></span> <span class='ocrx_word' id='word_1_556' title='bbox 1529 3933 1623 3997; x_wconf 86' lang='lat' dir='ltr'><em>etiam</em></span> <span class='ocrx_word' id='word_1_557' title='bbox 1651 3931 1826 3997; x_wconf 84' lang='lat' dir='ltr'><em>denuncian-</em></span> 
     </span>
     <span class='ocr_line' id='line_1_48' title="bbox 215 4009 1826 4094; baseline 0.002 -22"><span class='ocrx_word' id='word_1_558' title='bbox 215 4035 249 4072; x_wconf 92' lang='lat' dir='ltr'><em>no</em></span> <span class='ocrx_word' id='word_1_559' title='bbox 264 4029 357 4081; x_wconf 82' lang='lat' dir='ltr'><em>eatur,</em></span> <span class='ocrx_word' id='word_1_560' title='bbox 377 4013 418 4075; x_wconf 71' lang='grc'><em>(9·</em></span> <span class='ocrx_word' id='word_1_561' title='bbox 433 4009 505 4086; x_wconf 78' lang='lat' dir='ltr'><em>ficut</em></span> <span class='ocrx_word' id='word_1_562' title='bbox 524 4015 677 4094; x_wconf 83' lang='lat' dir='ltr'><em>accepimus</em></span> <span class='ocrx_word' id='word_1_563' title='bbox 696 4012 781 4074; x_wconf 88' lang='lat' dir='ltr'><em>nimis</em></span> <span class='ocrx_word' id='word_1_564' title='bbox 802 4014 937 4094; x_wconf 76' lang='lat' dir='ltr'><em>enceffivo</em></span> <span class='ocrx_word' id='word_1_565' title='bbox 961 4010 1001 4088; x_wconf 78' lang='lat' dir='ltr'><em>fit</em></span> <span class='ocrx_word' id='word_1_566' title='bbox 1040 4015 1069 4076; x_wconf 91' lang='lat' dir='ltr'><em>di</em></span> <span class='ocrx_word' id='word_1_567' title='bbox 1100 4013 1186 4078; x_wconf 87' lang='lat' dir='ltr'><em>essent</em></span> <span class='ocrx_word' id='word_1_568' title='bbox 1216 4016 1372 4078; x_wconf 85' lang='lat' dir='ltr'><em>retinentes</em></span> <span class='ocrx_word' id='word_1_569' title='bbox 1409 4014 1483 4078; x_wconf 80' lang='lat' dir='ltr'><em>tales</em></span> <span class='ocrx_word' id='word_1_570' title='bbox 1513 4013 1625 4087; x_wconf 77' lang='lat' dir='ltr'><em>libros3</em></span> <span class='ocrx_word' id='word_1_571' title='bbox 1659 4015 1826 4078; x_wconf 76' lang='lat' dir='ltr'><em>Alexander</em></span> 
     </span>
     <span class='ocr_line' id='line_1_49' title="bbox 215 4089 1827 4176; baseline 0.004 -25"><span class='ocrx_word' id='word_1_572' title='bbox 215 4089 375 4173; x_wconf 82' lang='lat' dir='ltr'><em>hujusmodi</em></span> <span class='ocrx_word' id='word_1_573' title='bbox 394 4091 479 4156; x_wconf 82' lang='lat' dir='ltr'><em>libros</em></span> <span class='ocrx_word' id='word_1_574' title='bbox 500 4093 608 4176; x_wconf 73' lang='lat' dir='ltr'><em>legendi</em></span> <span class='ocrx_word' id='word_1_575' title='bbox 625 4093 797 4156; x_wconf 72' lang='lat' dir='ltr'><em>licentiarum</em></span> <span class='ocrx_word' id='word_1_576' title='bbox 819 4118 848 4156; x_wconf 89' lang='lat' dir='ltr'><em>co</em></span> <span class='ocrx_word' id='word_1_577' title='bbox 865 4098 894 4156; x_wconf 89' lang='lat' dir='ltr'><em>ia</em></span> <span class='ocrx_word' id='word_1_578' title='bbox 907 4119 921 4168; x_wconf 90' lang='lat'><em>,·</em></span> <span class='ocrx_word' id='word_1_579' title='bbox 944 4097 1001 4157; x_wconf 89' lang='lat' dir='ltr'><em>Nos</em></span> <span class='ocrx_word' id='word_1_580' title='bbox 1041 4093 1284 4161; x_wconf 75' lang='lat' dir='ltr'><em>onimv11.die</em></span> <span class='ocrx_word' id='word_1_581' title='bbox 1313 4096 1356 4156; x_wconf 88' lang='grc' dir='ltr'><em>ι8.</em></span> <span class='ocrx_word' id='word_1_582' title='bbox 1379 4095 1487 4156; x_wconf 83' lang='lat' dir='ltr'><em>Martii</em></span> <span class='ocrx_word' id='word_1_583' title='bbox 1515 4098 1600 4157; x_wconf 80' lang='grc'><strong>1666.</strong></span> <span class='ocrx_word' id='word_1_584' title='bbox 1618 4096 1725 4159; x_wconf 85' lang='lat' dir='ltr'><em>metito</em></span> <span class='ocrx_word' id='word_1_585' title='bbox 1745 4093 1827 4158; x_wconf 81' lang='lat' dir='ltr'><em>dam·</em></span> 
     </span>
     <span class='ocr_line' id='line_1_50' title="bbox 217 4112 1829 4257; baseline 0.002 -21"><span class='ocrx_word' id='word_1_586' title='bbox 217 4171 281 4236; x_wconf 61' lang='lat' dir='ltr'><em>(rc.</em></span> <span class='ocrx_word' id='word_1_587' title='bbox 302 4196 392 4235; x_wconf 87' lang='lat' dir='ltr'><em>omnes</em></span> <span class='ocrx_word' id='word_1_588' title='bbox 413 4175 451 4235; x_wconf 70' lang='grc' dir='ltr'><em>Θ·</em></span> <span class='ocrx_word' id='word_1_589' title='bbox 468 4172 590 4254; x_wconf 79' lang='lat' dir='ltr'><em>fingusas</em></span> <span class='ocrx_word' id='word_1_590' title='bbox 606 4174 734 4240; x_wconf 82' lang='lat' dir='ltr'><em>licentias</em></span> <span class='ocrx_word' id='word_1_591' title='bbox 753 4174 778 4234; x_wconf 87' lang='lat' dir='ltr'><em>ie</em></span> <span class='ocrx_word' id='word_1_592' title='bbox 796 4112 879 4250; x_wconf 77' lang='lat' dir='ltr'><em>enai,</em></span> <span class='ocrx_word' id='word_1_593' title='bbox 901 4173 999 4237; x_wconf 64' lang='grc'><strong>(966-</strong></span> <span class='ocrx_word' id='word_1_594' title='bbox 1042 4175 1124 4240; x_wconf 86' lang='lat' dir='ltr'><em>navit</em></span> <span class='ocrx_word' id='word_1_595' title='bbox 1146 4174 1221 4238; x_wconf 86' lang='lat' dir='ltr'><em>inter</em></span> <span class='ocrx_word' id='word_1_596' title='bbox 1241 4174 1312 4238; x_wconf 87' lang='lat' dir='ltr'><em>alias</em></span> <span class='ocrx_word' id='word_1_597' title='bbox 1332 4173 1495 4255; x_wconf 79' lang='lat' dir='ltr'><em>sequentem</em></span> <span class='ocrx_word' id='word_1_598' title='bbox 1548 4176 1753 4257; x_wconf 77' lang='lat' dir='ltr'><em>roposstionem</em></span> <span class='ocrx_word' id='word_1_599' title='bbox 1774 4196 1829 4256; x_wconf 83' lang='lat'><em>45.</em></span> 
     </span>
     <span class='ocr_line' id='line_1_51' title="bbox 215 4200 1922 4340; baseline 0.004 -27"><span class='ocrx_word' id='word_1_600' title='bbox 215 4251 298 4316; x_wconf 91' lang='lat' dir='ltr'><em>bendi</em></span> <span class='ocrx_word' id='word_1_601' title='bbox 317 4252 402 4315; x_wconf 85' lang='lat' dir='ltr'><em>libros</em></span> <span class='ocrx_word' id='word_1_602' title='bbox 421 4256 598 4335; x_wconf 79' lang='lat' dir='ltr'><em>quoscumque</em></span> <span class='ocrx_word' id='word_1_603' title='bbox 619 4255 652 4316; x_wconf 90' lang='lat' dir='ltr'><em>ob</em></span> <span class='ocrx_word' id='word_1_604' title='bbox 685 4200 825 4331; x_wconf 59' lang='lat' dir='ltr'><em>heressim</em></span> <span class='ocrx_word' id='word_1_605' title='bbox 856 4256 904 4317; x_wconf 83' lang='lat' dir='ltr'><em>vei</em></span> <span class='ocrx_word' id='word_1_606' title='bbox 931 4254 1005 4333; x_wconf 79' lang='lat' dir='ltr'><em>sossi</em></span> <span class='ocrx_word' id='word_1_607' title='bbox 1043 4257 1074 4318; x_wconf 90' lang='lat' dir='ltr'><em>in</em></span> <span class='ocrx_word' id='word_1_608' title='bbox 1094 4255 1217 4319; x_wconf 88' lang='lat' dir='ltr'><em>urdine:</em></span> <span class='ocrx_word' id='word_1_609' title='bbox 1239 4254 1322 4318; x_wconf 80' lang='lat' dir='ltr'><em>libri</em></span> <span class='ocrx_word' id='word_1_610' title='bbox 1337 4254 1490 4337; x_wconf 78' lang='lat' dir='ltr'><em>prohibiti,</em></span> <span class='ocrx_word' id='word_1_611' title='bbox 1533 4279 1595 4319; x_wconf 89' lang='lat' dir='ltr'><em>onec</em></span> <span class='ocrx_word' id='word_1_612' title='bbox 1627 4273 1712 4340; x_wconf 80' lang='lat' dir='ltr'><em>enpsu</em></span> <span class='ocrx_word' id='word_1_613' title='bbox 1795 4281 1828 4330; x_wconf 89' lang='lat' dir='ltr'><em>r,</em></span> <span class='ocrx_word' id='word_1_614' title='bbox 1917 4313 1922 4321; x_wconf 85' lang='lat'>.</span> 
     </span>
     <span class='ocr_line' id='line_1_52' title="bbox 215 4333 1831 4421; baseline 0.004 -28"><span class='ocrx_word' id='word_1_615' title='bbox 215 4333 250 4395; x_wconf 92' lang='lat' dir='ltr'><em>do</em></span> <span class='ocrx_word' id='word_1_616' title='bbox 270 4338 352 4396; x_wconf 86' lang='lat' dir='ltr'><em>motis</em></span> <span class='ocrx_word' id='word_1_617' title='bbox 367 4337 571 4415; x_wconf 82' lang='lat' dir='ltr'><em>ficspicionem,</em></span> <span class='ocrx_word' id='word_1_618' title='bbox 588 4338 637 4415; x_wconf 80' lang='lat' dir='ltr'><em>seu</em></span> <span class='ocrx_word' id='word_1_619' title='bbox 653 4353 703 4419; x_wconf 88' lang='lat' dir='ltr'><em>pes</em></span> <span class='ocrx_word' id='word_1_620' title='bbox 735 4338 941 4415; x_wconf 73' lang='lat' dir='ltr'><em>cmsstcuciones</em></span> <span class='ocrx_word' id='word_1_621' title='bbox 961 4340 1001 4395; x_wconf 81' lang='lat' dir='ltr'><em>A·</em></span> <span class='ocrx_word' id='word_1_622' title='bbox 1037 4335 1145 4420; x_wconf 77' lang='lat' dir='ltr'><em>pofficnt</em></span> <span class='ocrx_word' id='word_1_623' title='bbox 1174 4338 1310 4414; x_wconf 81' lang='lat' dir='ltr'><em>retineri,</em></span> <span class='ocrx_word' id='word_1_624' title='bbox 1341 4336 1491 4420; x_wconf 83' lang='lat' dir='ltr'><em>usquedum</em></span> <span class='ocrx_word' id='word_1_625' title='bbox 1522 4335 1653 4402; x_wconf 76' lang='lat' dir='ltr'><em>adhibito</em></span> <span class='ocrx_word' id='word_1_626' title='bbox 1680 4338 1712 4401; x_wconf 86' lang='lat' dir='ltr'><em>di</em></span> <span class='ocrx_word' id='word_1_627' title='bbox 1723 4341 1831 4421; x_wconf 72' lang='lat' dir='ltr'><em>igentia</em></span> 
     </span>
     <span class='ocr_line' id='line_1_53' title="bbox 213 4360 1233 4500; baseline 0.004 -23"><span class='ocrx_word' id='word_1_628' title='bbox 213 4360 370 4496; x_wconf 61' lang='lat' dir='ltr'><em>poioiicos,</em></span> <span class='ocrx_word' id='word_1_629' title='bbox 392 4417 477 4476; x_wconf 84' lang='lat' dir='ltr'><em>etiarn</em></span> <span class='ocrx_word' id='word_1_630' title='bbox 500 4415 652 4498; x_wconf 69' lang='lat' dir='ltr'><em>Astrologiae</em></span> <span class='ocrx_word' id='word_1_631' title='bbox 666 4415 851 4500; x_wconf 73' lang='lat' dir='ltr'><em>judiciarie,</em></span> <span class='ocrx_word' id='word_1_632' title='bbox 871 4417 921 4479; x_wconf 81' lang='lat' dir='ltr'><em>uel</em></span> <span class='ocrx_word' id='word_1_633' title='bbox 931 4417 1003 4479; x_wconf 81' lang='lat' dir='ltr'><em>aiios</em></span> <span class='ocrx_word' id='word_1_634' title='bbox 1020 4465 1026 4474; x_wconf 89' lang='lat'>.</span> <span class='ocrx_word' id='word_1_635' title='bbox 1042 4422 1233 4497; x_wconf 75' lang='lat' dir='ltr'><em>corrigantur.</em></span> 
     </span>
     <span class='ocr_line' id='line_1_54' title="bbox 217 4494 1889 4584; baseline 0.004 -30"><span class='ocrx_word' id='word_1_636' title='bbox 217 4496 416 4574; x_wconf 82' lang='lat' dir='ltr'><em>quomodolibet</em></span> <span class='ocrx_word' id='word_1_637' title='bbox 442 4494 609 4577; x_wconf 81' lang='lat' dir='ltr'><em>prohibitos,</em></span> <span class='ocrx_word' id='word_1_638' title='bbox 646 4498 858 4581; x_wconf 82' lang='lat' dir='ltr'><em>quibuscumque</em></span> <span class='ocrx_word' id='word_1_639' title='bbox 882 4502 1004 4580; x_wconf 71' lang='lat' dir='ltr'><em>personis</em></span> <span class='ocrx_word' id='word_1_640' title='bbox 1084 4499 1232 4564; x_wconf 75' lang='lat' dir='ltr'><em>Habentes</em></span> <span class='ocrx_word' id='word_1_641' title='bbox 1252 4499 1342 4564; x_wconf 75' lang='lat' dir='ltr'><em>libros</em></span> <span class='ocrx_word' id='word_1_642' title='bbox 1361 4498 1636 4583; x_wconf 69' lang='lat' dir='ltr'><em>quomodocumque</em></span> <span class='ocrx_word' id='word_1_643' title='bbox 1645 4499 1828 4584; x_wconf 75' lang='lat' dir='ltr'><em>prohibitos,</em></span> <span class='ocrx_word' id='word_1_644' title='bbox 1852 4499 1889 4562; x_wconf 79' lang='grc'><em>16</em></span> 
     </span>
     <span class='ocr_line' id='line_1_55' title="bbox 218 4577 1826 4724; baseline 0.001 -86"><span class='ocrx_word' id='word_1_645' title='bbox 218 4580 330 4653; x_wconf 78' lang='lat' dir='ltr'><em>iaicis,</em></span> <span class='ocrx_word' id='word_1_646' title='bbox 353 4579 391 4642; x_wconf 72' lang='lat' dir='ltr'><em>Cu</em></span> <span class='ocrx_word' id='word_1_647' title='bbox 415 4577 607 4657; x_wconf 68' lang='lat' dir='ltr'><em>Eccsefioflicis</em></span> <span class='ocrx_word' id='word_1_648' title='bbox 628 4580 895 4655; x_wconf 67' lang='lat' dir='ltr'><em>inmisericordes,</em></span> <span class='ocrx_word' id='word_1_649' title='bbox 918 4601 1003 4663; x_wconf 85' lang='lat' dir='ltr'><em>qoam</em></span> <span class='ocrx_word' id='word_1_650' title='bbox 1043 4600 1102 4644; x_wconf 90' lang='lat' dir='ltr'><em>ooo</em></span> <span class='ocrx_word' id='word_1_651' title='bbox 1126 4578 1304 4647; x_wconf 64' lang='lat' dir='ltr'><em>satuficiunt</em></span> <span class='ocrx_word' id='word_1_652' title='bbox 1326 4579 1392 4646; x_wconf 82' lang='lat' dir='ltr'><em>iilos</em></span> <span class='ocrx_word' id='word_1_653' title='bbox 1411 4582 1627 4660; x_wconf 70' lang='lat' dir='ltr'><em>comburendo,</em></span> <span class='ocrx_word' id='word_1_654' title='bbox 1658 4578 1826 4724; x_wconf 59' lang='lat' dir='ltr'><em>sodsnoces·</em></span> 
     </span>
    </p>

    <p class='ocr_par' dir='ltr' id='par_1_6' title="bbox 1723 4682 1789 4725">
     <span class='ocr_line' id='line_1_56' title="bbox 1723 4682 1789 4725; baseline 0.015 -1"><span class='ocrx_word' id='word_1_655' title='bbox 1723 4682 1789 4725; x_wconf 82' lang='lat' dir='ltr'><em>ano</em></span> 
     </span>
    </p>
   </div>
   <div class='ocr_carea' id='block_1_3' title="bbox 0 0 2011 5284">
    <p class='ocr_par' dir='ltr' id='par_1_7' title="bbox 0 0 2011 5284">
     <span class='ocr_line' id='line_1_57' title="bbox 0 0 2011 5284; baseline 0 0"><span class='ocrx_word' id='word_1_656' title='bbox 0 0 2011 5284; x_wconf 95' lang='lat' dir='ltr'><em> </em></span> 
     </span>
    </p>
   </div>
  </div>
 </body>
</html>
