3984 5284
340 65 422 154 186
599 58 1575 169 JURAMENTUM,Aue.1.

273 201 354 261 iiio,
385 181 414 239 ἃ
437 174 467 237 in
488 171 712 247 contradibiis,
743 170 932 252 accesibus,
962 170 1066 252 quibua
1107 170 1202 235 Deum
1227 170 1258 231 in
1278 167 1474 233 tessimonium
1493 162 1625 262 saisieris
1643 165 1678 231 sit
1697 165 1826 263 semper
1862 201 1870 242 2

274 261 424 344 proximos
443 254 574 335 patiatur
595 252 714 334 aliquod
744 275 832 335 grave
867 252 1008 318 damnum
1029 274 1065 335 cr
1105 248 1221 317 visfima
1250 249 1437 314 irreverentia
1467 265 1571 314 contra
1605 245 1699 330 ipsum
1735 266 1842 312 etiarn
1896 289 1897 296 κ

271 340 323 405 eali
345 337 412 400 ficio
444 337 643 407 juramento,
671 334 708 396 eit
729 351 883 415 peccatum
904 333 1064 403 mortalee
1106 332 1230 395 materia
1251 329 1337 408 levi,
1374 347 1407 395 ut
1427 347 1507 415 patet
1527 351 1564 424 erc
1585 348 1656 393 inoir
1677 329 1812 392 addusla
1850 349 1894 412 pr.

270 420 451 485 eommunis.
473 414 515 481 Et
537 412 612 475 tario
634 415 690 487 esi,
712 416 783 494 quia
803 414 1065 499 ultraquamquod
1106 412 1249 496 pofiiione
1278 412 1417 506 damnata
1439 456 1462 507 ,⁸
1485 411 1610 504 sequnur
1651 426 1789 505 aperte,

271 503 369 574 jurans
389 497 419 561 in
442 493 658 569 contradibus,
681 494 806 560 &dinis
815 495 923 563 casibus
944 515 1064 579 gravem
1107 498 1201 569 jurare
1222 514 1291 588 curn
1321 513 1420 588 animo
1452 490 1595 567 iurandi,
1626 491 1911 590 &promittendi

270 578 439 655 iujuriam,
462 574 653 642 &damnum
674 573 919 660 asseitproriiuo
940 622 950 656 ,
972 574 1065 642 &as-
1108 572 1154 638 seu
1183 571 1211 639 se
1231 573 1408 656 obligandi,
1443 587 1634 665 nonftauien
1665 572 1850 668 implendi,
1910 621 1913 628 .

265 659 361 733 ,sumit
384 655 561 722 mendaciter
581 675 688 720 nomen
711 656 767 719 Dei
788 658 825 721 ad
862 656 1065 745 decipiendum
1107 654 1217 738 semper
1246 670 1397 736 peccatum
1415 651 1556 749 'mortale
1585 668 1674 716 eriam
1707 675 1742 714 in
1785 670 1916 767 marem¹

271 739 442 826 proximum
464 757 530 802 curn
550 736 636 818 gravi
658 735 781 813 injuria,
801 739 950 803 &damno
961 738 1064 821 ipsius,
1106 735 1186 808 levi3
1206 737 1255 799 Sic
1274 743 1433 831 Communis
1452 733 1600 797 nonnum
1622 733 1691 797 telle
1708 735 1823 816 Sporer
1842 756 1916 803 emi

272 825 304 887 ἃ
326 817 526 904 Reipublica;
549 819 578 881 in
598 816 707 890 julicio
728 818 863 913 legitimo
884 836 999 885 tenetur
1015 817 1066 881 sub
1109 837 1137 879 r.
1158 816 1239 881 non.
1272 837 1301 879 a.
1331 840 1362 878 in
1394 837 1422 879 2.
1448 830 1577 898 precept.
1609 814 1747 897 Decelog.
1780 834 1839 902 up.
1873 808 1917 887 r.l

295 900 357 965 ravi
378 904 414 963 ad
437 919 526 975 vere,
545 898 576 965 δι
598 918 656 960 non
680 896 779 965 fierine
801 903 980 975 iurandum
1000 898 1064 981 qui
1100 897 1170 978 sesi.
1191 918 1222 975 4.
1243 921 1271 961 ii.
1297 916 1365 979 135·
1457 979 1487 995 ..
1703 981 1709 993 ι
1917 902 1918 965 l

272 926 445 1046 sinerentur
468 977 630 1053 injudicio
652 977 788 1060 legitimo
809 980 1064 1065 responderetene·
1146 975 1333 1043 Consuetudo
1351 978 1536 1062 culpabiliter
1566 995 1676 1043 retenta
1699 980 1819 1074 jurandi
1841 985 1919 1081 (Μ

272 1080 321 1129 rur
342 1060 496 1127 secundum
520 1076 649 1125 mentem
670 1059 774 1134 judicis
795 1062 927 1146 legitime
941 1062 1064 1127 interro·
1103 1056 1366 1153 caii-[lassattamen
1387 1080 1488 1124 verum
1509 1103 1520 1136 ,
1541 1058 1573 1122 δι
1593 1059 1790 1156 cuiu'debita
1809 1062 1904 1160 adver.

328 1142 368 1205 tis
387 1148 397 1218 ,
419 1141 510 1215 ludex
532 1160 629 1207 autem
652 1141 726 1223 petit
747 1164 849 1207 veroin
863 1188 878 1219 ,
899 1145 931 1209 δι
952 1162 1011 1206 non
1032 1140 1066 1203 fi·
1107 1156 1200 1204 tentia
1221 1184 1231 1218 ,
1252 1141 1284 1203 dr
1303 1139 1527 1205 consideratione
1549 1140 1586 1202 ad
1616 1157 1776 1225 veritatem
1801 1164 1844 1207 rei
1865 1171 1901 1217 iu

234 1290 236 1294 ,
299 1244 349 1288 um
373 1226 589 1296 juramentum,
611 1240 677 1285 cuni
701 1222 757 1285 boc
769 1226 852 1290 valde
864 1225 974 1290 intersit
984 1242 1065 1286 com·
1107 1219 1200 1283 rande
1208 1265 1218 1298 ,
1241 1221 1279 1285 esl
1301 1237 1450 1304 peccatmn
1473 1219 1586 1287 veniale
1598 1238 1746 1315 rantum,
1771 1223 1902 1319 quiana

272 1305 355 1369 muni
376 1304 454 1368 bono
476 1301 672 1391 Reipublicae,
694 1314 823 1386 adeoque
843 1308 901 1369 ἃς.
1106 1299 1186 1373 bitus
1205 1320 1263 1364 non
1288 1302 1402 1385 possunt
1421 1298 1687 1398 haberenmaiorem
1721 1302 1902 1385 malitiam,

214 1408 251 1475 3²
285 1386 411 1464 ¹Jurare
432 1382 538 1448 salsum
557 1382 613 1447 sine
633 1381 734 1446 animo
755 1385 869 1459 jurandi
897 1385 935 1448 est
965 1404 1065 1468 pecca-
1105 1401 1194 1462 qnam
1213 1381 1428 1477 habentadlue,
1449 1384 1809 1525 exquibuaqenerantur,
1831 1387 1902 1464 afim

272 1482 338 1531 tum
360 1465 510 1540 manase,
527 1463 632 1529 nedum
654 1462 684 1525 iii
706 1467 828 1529 materia
870 1465 955 1541 ravi,
978 1483 1011 1529 ur
1032 1465 1064 1526 sr-
1105 1479 1203 1526 auiem
1224 1461 1324 1527 taliter
1354 1464 1465 1535 iurandi
1488 1462 1553 1527 sunt
1582 1463 1676 1558 souin
1695 1484 1830 1548 peccata
1859 1493 1896 1537 vo

271 1568 309 1615 ae
330 1545 526 1611 contravenio
553 1558 655 1611 tenent
677 1564 809 1623 omnes,
840 1487 885 1609 gd
920 1546 1011 1611 etima
1034 1546 1064 1607 in
1105 1542 1212 1620 nialia,
1234 1542 1360 1638 adeqque
1371 1544 1840 1643 &occmmmireqon‘suetudu
1856 1573 1913 1639 aeq

273 1629 399 1693 materia
420 1625 479 1695 levi
498 1669 513 1700 „
529 1626 600 1705 quia
619 1625 690 1687 ficut
712 1627 742 1688 in
763 1626 959 1703 idololatria,
981 1629 1013 1691 dr
1034 1626 1064 1688 in
1106 1642 1167 1687 tem
1188 1622 1371 1706 culpabiliter
1391 1640 1503 1689 retenta
1522 1625 1635 1698 iurandi
1657 1626 1842 1709 indiscrete,
1867 1638 1889 1698 ἃ

271 1705 478 1790 blasphemia,
500 1722 549 1771 aut
572 1706 601 1767 in
624 1703 793 1771 infidelitate
814 1729 873 1770 non
894 1709 978 1772 datur
1001 1728 1064 1790 pao
1107 1704 1348 1780 inadvertenter,
1377 1703 1435 1771 sive
1455 1727 1586 1783 veroin,
1622 1707 1681 1772 sive
1701 1706 1835 1787 falsum,
1853 1718 1886 1779 ecs

272 1789 350 1853 vitas
373 1785 519 1860 materia,
540 1805 603 1866 que
624 1806 641 1847 a
662 1787 1062 1865 mortaliexcuset,etiamfi
1102 1805 1253 1869 peccatum
1276 1783 1430 1882 mortale,
1460 1784 1504 1851 ita
1524 1805 1558 1851 ur
1578 1784 1649 1884 talis
1680 1792 1873 1858 consumma
1926 1826 1927 1831 κ

225 1858 229 1867 “
258 1867 342 1937 -defit
363 1867 479 1929 animus
508 1867 638 1930 internus
658 1867 762 1932 litandi
792 1869 899 1946 idolo,
930 1867 1062 1951 blaspbe·
1104 1867 1163 1930 rius
1183 1866 1349 1941 voluntarie
1368 1883 1517 1949 omntena
1532 1886 1676 1952 extirpare
1700 1917 1710 1947 ,
1736 1874 1791 1938 vel
1812 1896 1884 1939 euer-

271 1948 397 2022 mandi,
414 1964 466 2011 aut
487 1967 546 2012 non
567 1947 720 2024 credendi,
743 1950 785 2011 ita
806 1970 856 2015 nec
876 1949 1063 2032 superjurio,
1105 1948 1172 2012 dare
1194 1945 1284 2033 ipsam
1306 1945 1540 2013 consuetudinem
1561 1994 1572 2027 ,
1599 1950 1631 2014 vi
1652 1951 1721 2015 talis
1744 1955 1888 2032 {consueto

271 2028 382 2096 etiamsi
412 2028 481 2092 defit
502 2028 776 2094 animuoxinrernus
804 2029 945 2102 jurandi.
980 2028 1066 2093 Unde
1105 2028 1181 2092 dinis
1210 2027 1394 2112 culpabiliter
1423 2047 1541 2095 retenta
1573 2049 1677 2115 peccat
1711 2036 1894 2112 mortaliter,

271 2108 424 2181 Verricelli
462 2130 517 2172 arc.
542 2132 568 2171 1.
606 2111 676 2188 uest.
697 2111 792 2171 moos.
814 2108 895 2172 cresi.
916 2133 1001 2190 i.qu.
1017 2130 1063 2172 12.
1107 2111 1219 2185 turiei,
1239 2109 1354 2191 quoties
1376 2109 1419 2173 ita
1439 2109 1612 2187 indiscrete,
1633 2113 1665 2175 δι
1686 2113 1896 2183 inadverreiiie

271 2189 310 2250 sic
330 2125 461 2271 express
474 2132 623 2265 conclusit
645 2212 653 2252 ε
675 2194 741 2257 Non
760 2190 846 2254 audeo
865 2190 976 2272 offerere
1002 2210 1063 2272 pro
1104 2188 1140 2251 ad
1160 2188 1336 2265 veritatem,
1360 2189 1405 2256 vel
1426 2190 1581 2257 falstatem
1604 2194 1706 2272 jurat,
1728 2197 1791 2263 five
1814 2200 1900 2285 reipsa

270 2266 418 2344 habilem,
434 2292 518 2349 neque
538 2292 629 2333 rutam
649 2273 679 2333 r‘n
699 2274 865 2351 conscientia
884 2295 944 2333 eam
952 2273 1062 2352 senten·
1106 2271 1139 2333 sit
1160 2292 1289 2350 verum,
1313 2272 1370 2337 live
1390 2266 1515 2349 sessum,
1538 2275 1617 2357 quod
1637 2279 1712 2352 jurat
1732 2303 1743 2351 3
1766 2286 1900 2344 Comme»

268 2352 342 2411 tiam
360 2393 376 2423 „
402 2372 462 2429 que
481 2349 631 2425 affirmem
649 2377 701 2415 non
721 2353 771 2433 effe
785 2371 929 2435 peccatam
950 2352 1064 2414 mortale
1103 2356 1178 2415 nir.
1210 2352 1251 2416 Et
1273 2353 1349 2416 ratio
1370 2353 1437 2430 ess,
1466 2353 1538 2436 quia
1557 2355 1654 2420 omnis
1681 2356 1853 2425 voluntarie
1875 2362 1904 2427 se

269 2433 299 2495 i'n
321 2430 537 2507 materialem,
559 2451 591 2492 in
611 2436 643 2494 i'n
663 2432 806 2497 mendacio
816 2436 923 2517 jocoso,
944 2433 1059 2510 aneoffo
1101 2432 1305 2510 constituens,
1338 2449 1389 2497 aut
1412 2433 1576 2518 relinquens
1597 2436 1626 2501 iu
1643 2438 1762 2520 perceio
1785 2443 1895 2524 proxi·

267 2514 337 2589 cr'oso
356 2513 451 2593 jurare
470 2514 588 2576 exterius
601 2512 660 2588 fine
679 2518 773 2576 animo
793 2521 897 2578 interm
913 2515 1060 2596 jurandi.
1102 2533 1153 2577 mo
1173 2514 1285 2596 peccati
1308 2512 1460 2592 mortalis,
1482 2534 1587 2600 peccat
1607 2510 1784 2582 mortaliter:
1805 2520 1908 2587 Talis

267 2591 310 2653 Et
331 2592 367 2654 sic
388 2608 467 2657 tenet
487 2592 570 2658 Viva
589 2593 611 2656 l.
626 2604 730 2658 omo.
752 2596 853 2659 &alii
874 2595 911 2660 de
931 2595 984 2658 liae
1006 2594 1060 2657 dis-
1101 2611 1199 2658 autem
1229 2592 1497 2662 consuetudinarios
1526 2598 1705 2683 culpabiliter
1735 2601 1905 2679 retinens,

265 2670 402 2749 ficulrate
419 2674 592 2746 tradentem
612 2699 669 2759 arg.
691 2677 823 2756 Proposn.
845 2698 893 2753 24.
918 2678 949 2739 in
967 2679 1062 2740 ordine
1102 2677 1149 2742 vel
1170 2678 1312 2741 omittens
1333 2676 1478 2821 exrirXare
1498 2678 1605 2743 diciam
1635 2680 1905 2762 consuetudinem,

268 2773 300 2814 err
321 2752 462 2825 damano
483 2754 520 2817 ab
544 2759 678 2819 innocent.
700 2763 757 2824 ΧΙ.
768 2762 817 2821 die
828 2778 856 2822 2.
867 2759 960 2819 Maeci
974 2765 1062 2838 1679.
1101 2779 1136 2820 ac
1155 2758 1187 2841 vi
1208 2750 1286 2822 iilius
1308 2756 1352 2822 ita
1373 2759 1403 2821 in
1425 2758 1538 2839 iscrete,
1561 2763 1593 2825 δι
1611 2762 1842 2829 inadvertenter
1860 2790 1903 2831 ve

269 2831 335 2897 iiii:
357 2839 456 2895 Vocare
475 2838 568 2897 Deion
587 2841 618 2899 in
637 2833 728 2916 testem
749 2838 889 2901 mendacii
916 2837 990 2900 levir
1009 2861 1062 2899 non
1102 2848 1187 2912 runi,
1208 2839 1256 2903 vel
1277 2836 1378 2903 salsum
1402 2844 1516 2919 jurans,
1539 2841 1563 2906 ia
1584 2842 1756 2909 voluntarie
1780 2843 1903 2911 serelin·

266 2912 302 2990 ess
323 2930 405 2978 canta
424 2919 601 2979 inreverentia
618 2961 629 2992 ,
644 2935 755 3002 propior
774 2941 860 3001 qoam
879 2917 952 2980 uelit
971 2961 984 2994 ,
1011 2932 1068 2979 eice
1100 2916 1190 3000 quit,
1211 2920 1243 2983 δι
1264 2916 1375 3003 semper
1394 2920 1543 2987 conslituit
1564 2922 1596 2987 in
1611 2926 1760 3009 proximo
1775 2928 1901 3011 periculo

262 2995 343 3077 poffir
362 2996 493 3060 damnare
513 2997 676 3062 bominem.
1103 2999 1214 3081 peccati
1235 3001 1400 3079 mortalis,
1430 3002 1539 3071 scilicet
1559 3007 1807 3078 jiiramentorum
1828 3007 1896 3075 saln-

209 3095 245 3157 3³
309 3076 409 3149 jurare
429 3101 497 3143 cum
519 3078 621 3142 animo
641 3080 776 3154 iurandi,
797 3079 827 3141 a
848 3075 1060 3160 promittendi,
1102 3100 1168 3143 rum
1191 3079 1239 3146 seu
1257 3083 1468 3164 perjuriorum,
1491 3086 1619 3169 adeoque
1638 3090 1699 3153 dic,

265 3154 312 3222 seu
332 3155 550 3240 seobligandi,
572 3178 635 3221 non
648 3176 748 3223 tamen
760 3156 917 3240 implendi,
941 3156 1061 3223 estsern·
1142 3160 1203 3224 Hic
1223 3166 1307 3238 juvat
1327 3163 1463 3230 adducere
1493 3166 1687 3251 plurimorum
1717 3171 1901 3240 consuetud
1916 3184 1936 3258 il

286 3259 316 3300 er
337 3257 489 3316 peccatum
512 3236 666 3312 mortale,
696 3239 766 3316 quia
786 3240 822 3299 sic
844 3240 941 3314 iurans
972 3257 1061 3303 vocar
1102 3261 1154 3305 nea
1170 3242 1283 3317 jurandi
1304 3263 1356 3328 per
1375 3245 1502 3311 diversas
1523 3246 1678 3328 formulas,
1701 3273 1839 3335 quarum
1856 3256 1902 3318 ali

264 3256 364 3379 icum
387 3316 416 3376 in
440 3318 538 3381 restem
570 3315 733 3381 voluntatis
755 3317 937 3399 implenda,
972 3338 1060 3399 quain
1100 3341 1164 3402 quae
1185 3345 1288 3388 verani
1306 3327 1450 3394 rationem
1472 3331 1627 3403 juramenti
1648 3335 1848 3414 continent,
1877 3338 1904 3400 dr

267 3413 371 3460 taurea
390 3392 444 3459 scit
464 3393 491 3460 se
512 3415 572 3460 non
592 3396 717 3471 liabere3
739 3399 814 3467 unde
834 3418 901 3465 cun
922 3398 1060 3469 adducere
1102 3400 1165 3468 aliae
1186 3424 1274 3471 uun.
1304 3408 1415 3475 Veram
1439 3409 1528 3494 igitur
1557 3414 1714 3489 juramenti
1749 3419 1906 3514 rarioriem

1756 3518 1868 3566 0011ss-

265 3627 533 3726 rerdomprubct,
563 3664 595 3708 ac
618 3645 673 3712 Dei
694 3668 808 3715 nornen
824 3649 938 3717 nonnisi
956 3649 1116 3736 decipiendi
1135 3655 1238 3723 animo
1257 3655 1405 3742 usurpat,
1437 3681 1504 3725 cuin
1566 3652 1764 3739 rhur'i'ismodi
1788 3689 1905 3753 nomeu

264 3722 448 3801 mentiatur,
469 3744 502 3786 ac
521 3724 666 3808 decipiat.
688 3730 763 3811 Qun
783 3752 852 3795 vero
874 3732 951 3795 dicat
970 3755 1090 3816 gravem
1113 3734 1177 3800 Deo
1199 3738 1334 3813 injuriam
1356 3759 1415 3802 non
1436 3740 1499 3806 sieri
1567 3746 1713 3811 Audiatur
1733 3752 1788 3811 Fr.
1811 3756 1903 3812 Am·

261 3799 317 3861 lios
341 3806 433 3865 Rielle
452 3804 488 3864 de
510 3806 605 3887 relig.
614 3832 644 3889 q.
655 3830 686 3884 4.
710 3811 764 3874 Dei
787 3831 916 3885 nornen,
939 3811 1053 3895 inquit,
1074 3815 1221 3883 adsumere
1241 3819 1271 3881 in
1292 3840 1424 3897 vanum,
1446 3826 1485 3888 est
1507 3823 1822 3893 intrinsecarum:
1859 3830 1904 3895 sed

261 3883 357 3953 jurare
378 3884 435 3949 sine
455 3885 555 3949 animo
578 3890 720 3967 jurandi,
751 3891 789 3955 est
812 3892 865 3955 Dei
882 3913 995 3957 nomen
1016 3898 1047 3960 ἃ
1069 3897 1265 3962 tessimonium
1287 3898 1433 3966 adsumere
1464 3905 1494 3968 iii
1516 3928 1657 3983 vanum;
1686 3930 1754 3974 cnm
1778 3914 1903 3975 nonsit

261 3959 410 4027 adsumere
441 3964 509 4028 illud
529 3967 566 4030 ad
587 3965 672 4033 finem
695 3989 814 4055 propter
834 3992 924 4051 quem
941 3974 1145 4043 adsumendum
1168 3981 1235 4053 ell3
1263 3982 1295 4045 δι
1316 3983 1432 4064 quidem
1455 3984 1512 4050 lioc
1533 3988 1638 4067 probat
1659 3991 1716 4054 tale
1747 3995 1901 4064 juramen·

261 4057 327 4104 tuni
349 4041 402 4105 else
425 4046 572 4112 mortifere
592 4052 724 4115 melum:
745 4073 853 4135 magna
871 4055 950 4118 enini
974 4055 1004 4117 in
1027 4058 1130 4133 Deum,
1144 4062 1329 4126 irreverentia
1349 4064 1408 4139 est,
1427 4068 1506 4147 quod
1529 4068 1607 4135 illinc
1626 4072 1745 4137 nornine
1754 4074 1903 4139 abutatur

260 4120 356 4187 horno
377 4122 414 4189 ad
435 4123 633 4210 decipiendum
655 4132 752 4203 alios.
771 4134 894 4199 Accedit
916 4138 1028 4215 eiiam,
1051 4143 1129 4222 quod
1151 4139 1223 4203 talia
1239 4144 1352 4216 jurandi
1375 4148 1476 4212 modns
1497 4169 1609 4214 evertat
1630 4151 1719 4215 finem
1742 4156 1903 4238 priucipa-

260 4200 319 4265 lem
340 4206 519 4283 iuramenti,
541 4230 718 4296 omnemque
740 4217 801 4289 ejus
821 4214 943 4281 siusium
966 4234 1109 4285 evacuet.
1130 4222 1277 4303 Siquidem
1300 4222 1367 4288 finis
1389 4229 1543 4300 juramenti
1575 4231 1611 4294 eli
1633 4231 1748 4298 firmare
1785 4237 1902 4301 verica-

258 4300 338 4361 tem,
360 4287 393 4351 dr
415 4287 626 4369 sinceritatem,
648 4312 735 4376 atque
756 4294 856 4360 afferre
877 4297 1078 4376 securitatem,
1099 4303 1204 4382 quibus
1223 4302 1435 4384 deficientibus,
1458 4312 1534 4391 perit
1554 4314 1652 4377 omnis
1672 4318 1834 4388 juramenti
1860 4313 1900 4380 es·

258 4361 367 4430 sessus.
391 4356 496 4447 Atque
513 4371 582 4433 liinc
603 4392 703 4455 paret,
726 4378 867 4449 majorem
889 4378 919 4441 in
941 4380 1011 4446 sioc⁴
1021 4383 1090 4448 casu
1111 4384 1176 4448 Deo
1196 4385 1333 4457 injuriam
1355 4387 1498 4471 irrogari,
1519 4396 1699 4474 quemdum
1720 4398 1788 4477 quis
1810 4399 1899 4461 fimu-

257 4442 299 4511 lei
320 4467 422 4522 orare,
442 4451 498 4514 sne
518 4453 621 4516 animo
641 4455 761 4519 orandi.
785 4460 866 4522 ivan
886 4478 988 4544 prater
1008 4465 1222 4533 snnlarmern
1243 4466 1275 4529 in
1295 4488 1404 4535 vanum
1425 4468 1547 4541 firmitur
1568 4519 1580 4553 ,
1610 4477 1646 4539 dr.
1662 4477 1698 4545 ad
1718 4477 1792 4547 alins
1816 4480 1897 4545 deci-

256 4527 378 4609 piendos
400 4527 455 4596 Dei
476 4553 586 4598 uomen
605 4533 781 4601 adhibetura
