3984 5284
345 240 348 247 Δ
412 144 1513 263 -JURAMENTUM,Aar.111.‚
1600 190 1681 275 207

131 284 186 357 urg.
206 283 263 350 rap.
284 265 396 329 Veniens
419 269 465 327 16.
487 265 523 326 de
549 265 736 347 'urejurandm
760 267 809 330 nbi
824 270 912 332 Inoo·
953 263 1047 328 obviet
1064 269 1140 349 juri,
1163 268 1235 331 alias
1254 286 1396 350 tamquam
1417 273 1592 335 temerarium
1609 301 1661 339 non
1671 276 1739 341 obli.

131 350 233 420 centius
263 348 323 410 Ill.
353 346 490 410 Summus
547 345 656 411 ontiiet
686 345 818 412 delinivit
852 371 911 412 non
951 365 1002 430 gae
1021 362 1114 410 eontra
1131 351 1205 432 juris
1224 348 1449 427 observantiam
1471 352 1739 422 &concordaret-

130 433 179 500 ulle
200 429 365 493 servandum
386 427 530 508 quoddam
553 430 767 504 juramentum,
788 430 909 511 quiaju·
951 445 999 490 tus
1019 431 1049 490 in
1079 429 1213 492 dultin.
1238 430 1277 505 ffl
1332 432 1363 490 ui
1386 433 1459 511 saris
1487 436 1554 495 dare
1583 455 1739 516 cogantur,

13 540 14 555 r
130 532 190 578 rans
206 531 379 590 nequaquam
400 510 495 571 taliter
512 508 645 589 juraffet,
660 507 862 586 simundatum
875 511 909 574 il·
952 508 1012 570 ibi:
1034 512 1097 592 Qui
1113 512 1206 592 jurato
1223 518 1314 592 promi
1338 512 1476 592 rjudia‘o
1492 512 1552 589 filli
1564 557 1573 586 ,
1594 539 1645 577 non
1658 522 1738 579 vide·

129 593 177 656 iud
188 589 245 665 fibi
266 591 433 653 contrarium
450 589 630 671 prescioiffit
652 633 660 651 .
681 591 722 653 Er
744 591 787 651 ita
805 590 909 654 docent
949 606 995 649 tur
1035 591 1161 674 ejeraffi,
1178 591 1208 665 st
1226 615 1259 651 ere
1280 591 1393 669 conceffa
1412 596 1495 673 causa
1514 594 1563 656 boc
1573 593 1739 675 deseruerit,

126 671 219 737 Glolsa
239 669 346 733 ibidem
365 666 445 733 verb.
464 670 651 749 Praeseivrffit
662 692 672 743 3
695 668 795 734 Abbas
804 669 909 735 ibidem
951 669 982 732 δι
1005 605 1033 728 b

123 776 196 819 nrm.
218 772 249 827 4·
271 750 375 823 loann.
400 747 494 813 Andr.
514 772 588 811 ntem.
612 774 641 825 9.
664 749 786 813 Barbosa
796 776 872 814 rrum.
881 773 911 826 4.
950 751 1149 826 Declaramtis,
1170 750 1209 812 de
1222 751 1404 835 jurejurando
1425 757 1456 815 in
1478 760 1504 815 6.
1518 755 1616 818 Abbas
1636 760 1665 819 in
1675 776 1738 840 cap.

122 832 222 898 &alii
244 831 405 896 Canonillae
424 830 639 904 communiter,
663 829 784 912 Pirhsng
805 830 857 893 tib.
882 848 910 898 2.
951 835 1017 890 Tua
1037 855 1082 893 not
1103 855 1179 893 num.
1200 854 1229 909 4.
1252 830 1422 894 defensetis
1443 832 1628 911 aedificandis,
1653 840 1739 902 lnno.

120 914 250 978 decretal.
271 917 319 974 rit.
344 906 909 988 24.a.109.Reissenssuelittd.n.44.
950 911 1063 974 centius
1083 915 1113 974 in
1134 935 1168 972 ea
1189 955 1198 972 .
1222 914 1276 975 Per
1295 913 1421 986 litteras,
1443 920 1514 975 circu
1536 916 1682 992 medium,
1704 918 1738 980 de

120 997 151 1059 bt
172 996 202 1057 S.
224 993 358 1057 Thomas
380 1010 406 1051 2.
432 1010 458 1052 2.
480 988 571 1072 que-il.
585 991 634 1069 98.
645 1008 700 1052 art.
719 1011 747 1051 2.
757 991 796 1052 ad
807 1013 833 1071 3.
861 992 910 1053 ubi
951 990 1097 1066 Arbitris,
1119 929 1239 1073 Piriiag
1259 991 1310 1054 lib.
1336 1014 1363 1055 2.
1386 993 1486 1056 decret·
1507 999 1555 1057 tit.
1569 1016 1615 1070 24.
1627 1023 1654 1058 n.
1671 1017 1736 1077 107.

117 1079 205 1139 docet
229 1119 238 1150 ‚
272 1073 349 1154 qrrod
371 1070 390 1131 st
410 1069 475 1150 quis
494 1070 575 1133 verb.
596 1090 639 1151 gr.
663 1071 771 1144 iuravit
792 1069 819 1135 se
839 1069 908 1134 alre·
949 1070 1132 1135 Reilsenlluel
1153 1070 1225 1133 ibid.
1245 1100 1272 1135 n.
1298 1094 1348 1153 41.
1372 1075 1503 1155 Layman
1526 1074 1623 1136 Theai.
1642 1080 1737 1141 moral.

116 1156 142 1216 ri
166 1154 197 1216 in
220 1153 354 1219 omnibus
374 1152 553 1234 pariturum,
577 1150 635 1214 tale
654 1154 848 1225 juramentum
870 1150 909 1214 est
948 1149 1001 1212 lib.
1021 1172 1052 1229 4.
1072 1151 1151 1214 trull.
1176 1175 1202 1231 3.
1219 1171 1277 1235 cap.
1292 1180 1319 1231 9·
1333 1179 1361 1215 n.
1382 1175 1409 1217 2.
1432 1157 1462 1218 δι
1484 1154 1533 1216 alii
1556 1155 1675 1238 passim.
1699 1160 1740 1222 Et

116 1233 399 1316 interpretandum,
430 1229 592 1294 dummodo
612 1251 670 1294 non
692 1230 825 1306 illicita,
861 1229 909 1295 vel
951 1230 1028 1293 ratio
1049 1233 1105 1306 eil,
1128 1232 1197 1314 quia
1218 1233 1246 1294 in
1270 1234 1401 1309 quolibet
1422 1238 1585 1310 juramento
1620 1236 1740 1318 promis-

116 1314 160 1377 im
208 1314 354 1389 stabilia,
386 1310 418 1372 dt
439 1311 661 1385 immoderata,
692 1311 724 1374 ἃ
743 1310 829 1376 statui
859 1309 910 1375 suo
950 1308 1026 1373 sorio
1047 1311 1138 1373 tacite
1159 1311 1400 1397 subintelligitur,
1424 1335 1508 1397 atque
1535 1316 1596 1398 ipso
1618 1322 1677 1392 jure
1697 1312 1739 1380 iti·

118 1395 161 1457 ob
185 1395 286 1470 antia,
310 1393 355 1459 seu
375 1392 520 1455 contraria
539 1393 565 1455 ei
587 1389 756 1476 praecipiat3
777 1408 910 1473 arg.tep.
952 1390 988 1453 esl
1010 1390 1141 1454 conditio
1163 1391 1232 1467 illa,
1253 1396 1343 1459 Salvo
1365 1394 1453 1469 Jure,
1475 1398 1505 1459 dr
1518 1396 1713 1462 audorirates
1728 1438 1738 1451 ·

115 1478 270 1557 Contingit
293 1495 320 1537 1.
341 1476 370 1550 §.
386 1470 470 1548 final.
492 1472 527 1533 eie
544 1472 725 1556 jurejarando
743 1475 775 1535 in
795 1478 825 1536 6.
843 1471 913 1557 quia
952 1468 1074 1552 periuris
1105 1469 1398 1570 (scilicet-Supremi
1420 1475 1642 1560 legislatoris)
1678 1497 1740 1562 cup.

114 1553 147 1617 in
171 1555 300 1635 generali
321 1550 509 1648 promissione
529 1575 587 1617 non
609 1552 731 1617 veniunt
752 1573 816 1626 ea,
849 1571 914 1634 qua
952 1553 1091 1614 Venientes
1113 1570 1162 1631 59.
1185 1552 1220 1613 de
1247 1554 1435 1636 'urejuranda.

113 1634 185 1714 quis
207 1632 405 1697 verifimrliter
425 1631 454 1694 in
478 1630 494 1692 s
510 1634 569 1698 ecie
583 1654 641 1697 non
657 1633 841 1718 prosiliisset,
863 1649 913 1695 aut
993 1630 1077 1694 Unde
1098 1629 1225 1695 inomni
1235 1578 1402 1707 iuramento
1412 1637 1615 1719 promissorio,
1637 1659 1737 1722 quam·
1762 1663 1777 1722 ς

116 1714 294 1797 promittere
314 1733 371 1777 non
394 1654 554 1795 potuisiet3
584 1736 643 1810 arg.
665 1731 726 1798 cap.
751 1718 784 1776 In
801 1736 913 1795 genera·
954 1709 1001 1774 vis
1021 1710 1149 1777 absolute
1170 1711 1273 1791 iasio,
1307 1716 1434 1797 quadam
1458 1720 1546 1782 tacite
1581 1717 1739 1781 subintelli-

111 1798 136 1856 ta·
155 1793 206 1855 81.
230 1795 269 1855 de
292 1794 407 1876 Regalis
420 1797 503 1873 Jurie
522 1800 554 1858 in
575 1798 603 1857 d.
624 1792 663 1855 rbi
684 1815 693 1857 t
724 1798 759 1856 la
785 1793 915 1874 generali
954 1808 1063 1871 guntur
1083 1793 1263 1859 conditiones
1286 1840 1295 1871 ,
1318 1797 1397 1859 ficuti
1418 1798 1521 1860 docent
1543 1797 1650 1862 Glosla-
1663 1801 1692 1861 in
1713 1820 1738 1862 e.

113 1876 276 1953 canceffiane
295 1899 347 1938 non
374 1879 491 1938 veniunt
510 1898 571 1950 ea,
605 1897 665 1956 que
684 1878 748 1957 quir
765 1898 817 1938 non
849 1874 913 1956 effet
952 1872 1266 1954 „Quemadmodumap
1288 1874 1323 1936 de
1340 1878 1542 1958 jurejurando,
1564 1877 1642 1940 verb.
1666 1883 1738 1942 Con·

111 1955 308 2030 verissmr'tieer
329 1959 360 2018 in
374 1955 465 2038 specie
485 1954 669 2036 eonceffterus.
950 1954 1022 2014 ditio
1038 1975 1046 2025 3
1070 1953 1170 2016 Abbas
1189 1953 1262 2016 ibid.
1283 1966 1359 2017 mam.
1379 1956 1409 2018 8.
1421 1957 1543 2034 Pithing
1562 1960 1612 2020 lac.
1635 1960 1683 2020 cit.
1707 1984 1737 2023 n.

77 2034 908 2199 ³s.l³.3lr‘.'¹².i,ltl.l⁰ls‘rlllllill‘lll
947 2032 1295 2201 §lltltllll‘lll
1318 2036 1736 2198 ‘i'‘sln{2¹'r.·⁵i¹⁹2“¹5i.il.i

830 2159 839 2188 ,
1179 2158 1188 2176 .
1292 2159 1299 2177 .
1345 2161 1352 2177 .
1539 2163 1547 2178 ,
1589 2161 1596 2179 ,
1726 2155 1738 2169 .

107 2199 244 2274 iuravit,
270 2216 341 2262 tunc
361 2199 558 2270 juramentum
580 2136 624 2261 ei
641 2194 907 2279 interpretandum,
948 2211 1037 2255 menta
1056 2215 1115 2277 rap.
1157 2216 1187 2271 4.
1254 2216 1342 2278 ymen
1364 2206 1412 2261 lae.
1435 2201 1482 2258 cit.
1505 2222 1551 2259 nu.
1563 2219 1593 2275 4.
1614 2197 1644 2259 δι
1664 2196 1737 2268 alii3

107 2278 138 2342 dt
157 2278 225 2342 obli
248 2297 281 2343 at
301 2282 383 2353 iutra
404 2277 597 2343 intentionem
613 2275 797 2360 recipientis,
820 2273 906 2351 idell,
947 2273 978 2336 δι
1001 2273 1075 2336 clare
1096 2217 1244 2354 colligitur
1264 2302 1299 2341 ere
1328 2279 1377 2340 eit.
1412 2294 1471 2358 cup.
1492 2277 1738 2361 Quemadmodum

108 2361 198 2433 iuxta
220 2301 324 2423 fanum
358 2358 534 2423 intellellum
565 2357 670 2433 illius,
705 2357 751 2419 cui
775 2361 908 2430 juratur3
951 2374 1003 2433 25·
1023 2355 1053 2430 §.
1080 2378 1106 2419 1.
1127 2354 1161 2415 tle
1178 2356 1375 2441 jurejurando,
1398 2357 1458 2420 ibi:
1481 2363 1543 2419 Nan
1561 2355 1737 2436 obstantehu·

107 2457 170 2521 cap.
194 2446 386 2526 ,Quacumque
406 2463 437 2517 9.
458 2442 534 2521 caus.
558 2460 606 2501 22.
628 2461 657 2520 q.
682 2457 711 2519 5.
733 2436 774 2502 ibi
796 2460 804 2499 τ
827 2442 907 2523 Qua·
947 2434 1070 2518 jusmodi
1087 2436 1263 2518 juramento,
1282 2443 1410 2522 quoniam
1430 2440 1460 2500 in
1479 2461 1509 2499 eo
1528 2440 1594 2500 tulis
1613 2436 1738 2518 eritfieb

107 2542 230 2603 numque
252 2536 312 2583 arte
331 2518 476 2581 uerborum
496 2521 621 2601 quisquis
639 2522 714 2600 juret
737 2563 746 2594 ,
769 2520 844 2579 Deus
863 2538 908 2581 tu·
950 2516 1131 2599 intelligenda
1151 2516 1286 2581 conditio.

105 2620 194 2679 rnen,
219 2606 275 2686 qui
296 2601 464 2679 museientia
483 2601 555 2679 retiis
574 2597 627 2674 eli,
649 2602 691 2660 ita
708 2597 759 2658 boe
778 2601 908 2678 accipit,
994 2597 1092 2659 Prima
1113 2597 1244 2661 conditio
1266 2642 1275 2673 ‚
1297 2619 1360 2681 qua
1381 2599 1410 2660 in
1431 2599 1593 2671 iuramento
1614 2594 1735 2682 promis·
1758 2601 1778 2666 6

95 2678 191 2758 ficati
214 2685 285 2757 iile,
307 2685 354 2742 tui
373 2681 500 2763 juratur,
522 2679 677 2758 intelligit3
699 2678 909 2761 Dupliciteruu·
952 2675 1028 2740 sorio
1048 2677 1160 2752 tacite,
1182 2698 1214 2740 ac
1237 2676 1299 2762 ipso
1320 2682 1382 2753 inre
1404 2676 1653 2759 subintelligitur,
1675 2680 1737 2756 eil,

99 2778 165 2824 tem
188 2767 272 2835 Reut
286 2758 324 2837 iit
342 2804 351 2835 ,
372 2762 470 2841 quia,
501 2760 541 2824 Θ
562 2761 619 2820 Dei
639 2780 733 2821 nomen
754 2762 785 2820 in
805 2781 910 2821 vanum
951 2760 985 2819 se·
999 2775 1110 2839 potero,
1132 2758 1202 2837 quia
1221 2781 1254 2820 ex
1273 2777 1332 2842 cap.
1356 2765 1442 2825 Nemo
1463 2764 1491 2822 b.
1513 2760 1547 2819 de
1562 2761 1673 2843 Regalis
1689 2760 1738 2844 j'u·

97 2846 249 2919 assunrit,
274 2844 313 2904 dr
326 2844 485 2922 proximum
504 2840 567 2901 dolo
586 2842 676 2920 cupit.
700 2840 741 2902 fir
761 2839 797 2901 stc
810 2854 908 2903 tenent
950 2838 990 2898 tis
1011 2842 1041 2899 in
1063 2847 1091 2900 6.
1114 2843 1202 2901 Nemo
1217 2841 1302 2920 potest
1321 2843 1365 2903 ad
1381 2839 1683 2922 impoffibileobligari,
1707 2840 1739 2903 dt

99 2922 134 2985 8.
160 2923 307 2983 Thomas
328 2938 356 2980 2.
379 2940 407 2981 2.
428 2921 518 3002 quati.
541 2921 591 2997 89.
612 2936 666 2980 art.
689 2941 718 2999 7.
739 2917 780 2980 ad
798 2920 908 2995 4.An·
950 2916 1007 2979 hoc
1029 2917 1186 3000 procedit,
1217 2922 1320 2984 nedum
1342 2920 1376 2993 de
1396 2920 1565 3003 impossibili
1595 2922 1738 3004 physsce,

96 3000 188 3083 gelus
210 2998 296 3063 verb.
329 3002 518 3081 juramentum
538 3020 568 3077 4.
591 3021 665 3060 ntem.
701 3020 726 3060 r.
760 3000 908 3063 Navarrus
950 2996 1048 3073 idesl,
1082 2998 1160 3079 quod
1182 2998 1353 3076 naturaliter
1372 2999 1432 3062 fieri
1455 3023 1512 3064 non
1556 3002 1656 3078 orell,
1691 3000 1739 3063 led

100 3099 166 3164 cap.
195 3101 249 3145 12.
271 3080 394 3142 manual.
417 3102 494 3144 num.
518 3100 547 3160 3.
569 3074 751 3142 Reiffensloel
774 3079 824 3141 lac.
856 3081 906 3140 cit.
948 3078 1037 3140 etiam
1058 3079 1093 3141 de
1114 3078 1282 3161 impasibili
1305 3078 1482 3153 moraliter,
1512 3021 1629 3156 itinn,
1660 3077 1739 3161 quod

99 3184 183 3226 rtem.
206 3162 264 3236 48.
285 3160 415 3223 Sanclrez
434 3157 486 3221 lib.
512 3180 541 3240 3.
562 3162 593 3221 in
613 3160 716 3221 Deculo
736 3202 743 3218 .
766 3176 825 3241 cap.
860 3177 906 3220 to.
949 3158 1031 3221 licite
1051 3157 1112 3222 sieri
1134 3179 1192 3221 non
1213 3162 1332 3255 potesl,
1368 3159 1439 3241 quia
1460 3163 1655 3235 juramentum
1677 3178 1736 3227 nott

101 3264 172 3303 neena
195 3263 231 3319 4.
258 3240 299 3304 &¹
319 3263 395 3303 num.
421 3261 467 3303 12.
493 3260 540 3321 13.
562 3238 601 3303 (t
635 3259 680 3316 ¹4·
712 3185 908 3305 barattarias
948 3241 987 3302 ell
1008 3238 1159 3302 vinculum
1180 3238 1370 3321 inquiraris,
1406 3256 1465 3321 cap.
1497 3245 1611 3324 Quanto
1637 3242 1682 3304 18.
1703 3232 1778 3299 ts,

99 3321 133 3465 'i
153 3318 587 3485 ‘t‘l'oss'lmi‘ssli‘pli‘ifl
598 3322 824 3465 inui'rbiri’ti‘
835 3321 909 3478 {ii
944 3318 1554 3482 66.ῗῖῗῇἰιὲἶξηιῖᾌῖήῗξῖῑιζίιῖώῖι
1565 3324 1637 3463 i'itin
1655 3322 1736 3479 iiii
1759 3410 1763 3421 ¹

99 3487 232 3557 fraus,
258 3483 297 3547 (r
319 3484 397 3545 dolus
415 3485 500 3545 elicui
515 3483 686 3564 patrocinari
706 3506 758 3544 non
779 3480 906 3553 debent,
948 3468 1078 3541 censetur
1101 3478 1178 3561 quod
1201 3481 1279 3544 licite
1300 3479 1360 3543 sieri
1381 3445 1495 3564 potesl’,
1519 3498 1580 3560 cap.
1597 3481 1738 3541 fraterni·

97 3580 166 3647 cap.
190 3565 290 3626 sedeo
304 3584 347 3643 15.
371 3564 410 3628 (Ψ
431 3582 489 3635 cap.
513 3566 557 3623 Ex
578 3581 666 3623 tenore
691 3567 734 3624 16.
756 3561 908 3639 deileseti·
949 3562 1018 3621 tutis
1042 3578 1088 3639 ις.
1111 3564 1184 3641 tuufi
1209 3582 1256 3623 22.
1280 3560 1370 3642 quesl.
1394 3582 1423 3622 2.
1442 3559 1643 3641 j'tenblaGloffir
1657 3556 1735 3622 vttb.

97 3648 192 3730 ptis;
218 3662 284 3726 cap.
305 3666 337 3705 et
357 3645 462 3707 litteris
483 3665 510 3704 2.
533 3642 675 3717 dedolo,
710 3643 748 3704 dr
769 3659 906 3703 contuma-
948 3639 1035 3726 Quod
1050 3639 1155 3720 potest.

99 3729 172 3788 tia:
196 3722 905 3805 cap.Tttae12.deClericisnonrefidentibus‚
989 3720 1117 3783 Secunda
1138 3722 1195 3784 eil:
1217 3724 1303 3786 Salvo
1321 3724 1410 3806 jure,
1445 3724 1484 3786 (7
1504 3720 1667 3784 aubiaritate
1687 3722 1779 3797 luy

100 3810 142 3871 Φ
166 3806 191 3869 Ι.
215 3808 251 3868 in
266 3804 374 3883 frendo,
388 3804 427 3884 ff]
449 3806 483 3866 de
503 3809 543 3867 rei
561 3802 643 3869 vind.
666 3804 687 3862 l.
709 3802 849 3878 cumbi,
865 3803 904 3880 ff
940 3805 1084 3885 periuris,
1108 3800 1255 3883 colligitur
1276 3804 1351 3867 clare
1372 3828 1405 3868 ert
1425 3820 1484 3885 cap.
1517 3807 1655 3865 Venientes
1687 3819 1735 3875 19.

100 3888 135 3948 de
155 3884 304 3967 transtuli.
341 3886 380 3949 Θ
401 3890 430 3948 in
452 3887 472 3948 l.
493 3889 526 3949 Si
546 3887 739 3967 legatarius,
771 3883 841 3946 Coei.
872 3883 907 3944 de
946 3887 982 3945 de
1000 3880 1205 3964 jurejurando,
1229 3884 1268 3947 ibi
1291 3907 1299 3947 z
1320 3890 1393 3947 Cum
1409 3883 1570 3967 prediblrem
1589 3881 1732 3964 jurumen-

100 3971 241 4053 Iegutis,
267 3965 332 4030 ibi:
354 3969 392 4029 Ut
411 3990 463 4030 non
486 3970 605 4052 accipiat
620 3965 729 4047 stulius
744 3966 804 4046 sue
826 3964 905 4030 calli·
945 3979 1006 4023 tum
1028 3986 1078 4023 vos
1098 3966 1224 4043 etrusure
1244 3990 1295 4028 non
1312 3967 1408 4045 pofftt,
1431 3969 1461 4026 in
1481 3989 1533 4046 qua
1553 3964 1633 4026 debet
1655 3958 1737 4020 intel·

104 4050 234 4113 ditatis·
945 4044 1001 4126 ligi
1012 4048 1069 4138 jus
1086 4048 1235 4124 Superioris
1254 4063 1415 4126 exceptum.
1446 4046 1486 4107 [t
1521 4046 1548 4107 in
1571 4047 1632 4120 ejus
1653 4041 1737 4102 Sum·

64 4150 85 4205 4
143 4132 361 4213 loramentum
380 4129 534 4213 praslirum
557 4128 634 4192 circa
655 4128 807 4192 materiam
836 4124 906 4201 jusit
946 4143 1040 4187 marro
1064 4122 1189 4185 dicitur:
1211 4129 1273 4189 Nan
1295 4126 1374 4187 valet
1392 4126 1577 4205 juramentum
1589 4121 1737 4205 Jreflirum

101 4209 172 4274 idest
195 4213 283 4274 circa
304 4208 383 4284 illa,
417 4211 451 4273 de
471 4211 574 4290 quibus
594 4211 644 4281 Jus
673 4208 781 4292 aliquid
811 4206 904 4290 dispo·
946 4208 975 4267 in
992 4205 1187 4286 prejudicium
1217 4208 1291 4287 juris
1312 4209 1487 4283 Superioris,
1518 4206 1548 4269 δι
1579 4198 1735 4266 concordat

101 4289 177 4365 nit,
213 4290 256 4354 esl
282 4287 531 4370 interpretandum
563 4289 712 4353 secundum
745 4287 904 4371 dispositio·
945 4304 1006 4367 rap.
1035 4288 1075 4343 Ea
1096 4301 1123 4344 te
1145 4305 1193 4345 22.
1215 4287 1249 4346 de
1266 4288 1447 4369 jurejarando
1464 4287 1544 4360 ‚abi
1567 4284 1700 4347 illicitum
1725 4319 1735 4355 ,

100 4391 169 4434 nem
192 4369 309 4445 luris,
344 4391 396 4433 nec
417 4372 455 4435 eil
476 4373 552 4436 ultra
572 4372 810 4438 extendendum3
845 4391 903 4451 arg.
947 4388 998 4428 nec
1021 4363 1187 4429 servandum
1218 4368 1351 4429 slatuitus
1373 4369 1565 4439 juramentum
1589 4409 1598 4438 ,
1623 4356 1735 4455 qffloda

102 4470 164 4535 cap.
191 4452 242 4512 esd
266 4449 383 4530 nomem
405 4473 454 4516 tr.
475 4456 511 4514 de
527 4452 737 4535 jurejarando,
774 4451 804 4511 in
826 4453 905 4523 cnjus
945 4446 1025 4509 saluo
1057 4444 1231 4529 Apostolicae
1261 4446 1339 4511 Sedis
1369 4447 1512 4523 honore,
1550 4443 1652 4507 servari
1686 4456 1735 4501 ne·
1911 4492 1933 4527 Α

100 4533 284 4595 Summario
305 4533 340 4595 stc
362 4531 475 4615 precise
495 4532 633 4596 habetur:
649 4539 846 4612 juramentum
859 4551 904 4609 ge·
947 4529 1037 4612 quit.

103 4615 202 4680 neate
224 4612 308 4678 tebet
329 4617 372 4679 ita
392 4614 531 4699 intelligi,
549 4613 577 4693 fi
588 4611 655 4692 fieri
669 4613 781 4698 potes,
804 4628 837 4672 ret
858 4632 910 4674 nort
989 4603 1094 4672 Tertia
1113 4604 1152 4675 eil
1172 4627 1182 4671 t
1203 4606 1270 4686 Nist
1286 4611 1336 4687 is,
1357 4611 1388 4674 in
1407 4606 1484 4690 eujus
1498 4606 1628 4683 saonem
1635 4699 1648 4742 t
1648 4620 1730 4745 ,issa
1753 4592 1774 4655 8

1016 690 1040 732 tc
1063 687 1140 734 tenet
1162 669 1262 733 Glosla
1281 675 1313 732 itt
1346 687 1404 752 cup.
1428 678 1573 758 Contingit
1599 697 1624 737 1.
1660 674 1739 743 verb.
