3984 5284
309 162 386 247 342
646 138 681 214 L
801 138 837 216 E
959 137 1020 238 X,
1198 131 1549 223 Ann.IlI.'

247 243 403 311 Pontificia
432 258 537 317 nova,
571 265 629 306 non
653 244 745 308 solum
781 245 894 307 incolas
913 245 1032 315 Urbis,
1076 241 1166 304 tentia
1185 241 1223 303 est
1244 239 1311 304 satis
1333 239 1507 320 probabilis,
1529 238 1597 302 telle
1619 239 1661 300 La
1680 238 1769 307 Croix
1791 240 1814 299 l.
1834 260 1859 301 t.

243 327 288 387 sed
318 324 350 386 ἃ
378 322 477 400 alios,
507 325 543 388 ad
571 345 647 407 qnos
676 326 760 410 ipfius
791 327 896 389 notitia
936 330 1034 405 p'etve·
1074 346 1151 383 num.
1174 326 1242 395 676.
1265 322 1314 384 ubi
1335 320 1429 393 dicit,
1462 320 1534 381 hanc
1556 318 1724 382 sententiam
1760 320 1859 381 saltem

241 404 338 470 netit.
1071 402 1123 466 esse
1146 400 1312 465 suadendam
1336 401 1365 459 in
1388 401 1494 482 praxi.
1530 400 1569 461 Et
1592 401 1665 463 ratio
1686 402 1770 472 hujus
1799 396 1860 460 sen·

1071 484 1168 545 tentia
1190 483 1256 556 eil,
1290 482 1360 561 quia
1392 501 1459 545 cum
1481 479 1551 543 tales
1571 481 1649 562 pueri
1669 480 1722 540 sint
1743 498 1861 560 capam

385 568 416 628 A
438 586 459 628 tt
480 584 503 627 τ
525 584 537 627 ι
558 583 578 625 c
601 585 622 625 tr
646 586 664 626 ι
688 586 709 627 ιι
731 587 744 627 s
807 564 887 627 111.
1069 563 1204 645 precepti
1226 583 1282 623 non
1306 561 1476 641 requirentis
1496 577 1590 623 certos
1610 580 1727 633 annos,
1761 558 1859 640 siple·

152 716 156 722 ,
631 672 636 681 ·
1069 666 1140 705 nom
1176 642 1254 703 usum
1288 643 1408 705 rationis
1429 642 1580 714 babeant,
1612 659 1643 702 ut
1665 640 1858 722 sutponitur,

259 730 322 793 Lex
343 746 402 808 quo
423 725 458 787 ad
479 747 513 788 ea
533 743 596 805 qua
615 742 792 790 concernunt
821 723 952 808 personas
973 725 1008 785 ad
1070 726 1130 785 Lex
1162 724 1291 805 procedit
1322 742 1425 785 contra
1446 744 1520 797 eos,
1552 724 1677 801 adeoque
1698 723 1754 782 &c
1793 723 1859 798 (a)

497 804 588 886 ipsam
611 808 773 888 obligatas.
848 812 853 817 '
1073 804 1136 865 Alii
1159 825 1255 868 tamen
1277 805 1406 878 dicunt,
1428 805 1500 865 tales
1520 822 1644 883 pueros,
1667 802 1712 864 seu
1736 800 1901 875 iniantesa

1068 906 1125 947 non
1165 888 1254 946 teneti
1285 888 1318 945 ad
1351 883 1423 965 ipsas
1454 885 1543 963 [ages
1573 901 1639 945 ante
1679 882 1857 963 septennium

201 995 216 1037 t
312 968 342 1029 D
360 967 450 1045 Leges
471 964 601 1029 Ecclehae
621 966 787 1049 obligantur
820 985 923 1028 omnes
940 964 1025 1027 Chri·
1067 965 1281 1045 completum,
1311 967 1446 1045 quamvis
1476 965 1593 1044 plenum
1625 964 1745 1025 tationis
1777 963 1859 1026 nsum

332 1045 482 1117 llitideles5
502 1050 726 1127 Communiffima
737 1069 786 1129 pet
797 1064 909 1109 textum
924 1048 954 1107 in
964 1063 1024 1126 cap.
1068 1046 1217 1117 habeant,
1247 1045 1316 1125 quia
1337 1047 1426 1125 Leges
1447 1043 1645 1106 Ecclenanieae
1676 1043 1705 1103 in
1727 1044 1858 1124 obligan-

237 1140 378 1196 Cannam
393 1127 498 1205 flatura
516 1147 540 1190 t.
555 1127 859 1208 deConJiitutionibur,
883 1124 945 1186 ibi:
968 1130 1025 1185 Ca.
1067 1124 1104 1185 do
1126 1127 1284 1205 procedunt
1317 1126 1445 1187 humano
1467 1128 1582 1200 modo,
1617 1125 1647 1186 ἀ
1680 1121 1744 1186 ideo
1765 1127 1857 1187 nemi·

233 1235 333 1279 nonum
349 1212 454 1289 flatura
473 1209 652 1286 custodiantur
671 1208 708 1270 ab
727 1207 870 1270 omnibus.
894 1209 932 1265 Et
951 1228 1028 1268 nemo
1068 1226 1134 1267 netn
1165 1207 1328 1284 obligant,
1362 1205 1412 1265 nisi
1443 1207 1595 1267 habentem
1627 1203 1744 1286 plenum
1776 1204 1860 1269 usum

236 1301 267 1360 in
288 1289 462 1363 arsionibus,
483 1294 531 1350 vel
545 1292 669 1370 judicio
689 1289 884 1366 Eccierajiicit
898 1290 1027 1367 suosm-
1069 1287 1212 1356 rationis,
1243 1306 1329 1364 quern
1351 1308 1407 1347 non
1430 1286 1630 1367 praesumunt,
1662 1285 1713 1346 nili
1734 1287 1796 1381 post
1817 1285 1859 1351 se.

233 1379 287 1455 sn,
306 1375 357 1453 sed
376 1393 464 1432 eorum
484 1370 647 1434 auctoritate
665 1372 809 1443 ducatur,
840 1388 906 1431 com
929 1367 1026 1429 simili·
1069 1369 1218 1449 prennium
1240 1367 1439 1446 completum,
1462 1370 1531 1448 qu‘a
1554 1366 1641 1441 leges
1662 1366 1791 1448 pnfittvae
1813 1385 1857 1432 at·

198 1478 216 1518 a
237 1460 316 1519 bus.
342 1452 390 1515 nd
410 1450 482 1514 tales
502 1453 593 1532 Leges
612 1452 778 1533 obligantur
798 1447 948 1522 infantes,
982 1448 1027 1509 seu
1068 1447 1190 1509 tendunt
1212 1449 1245 1507 ad
1267 1468 1326 1519 ea,
1347 1466 1410 1527 quae
1431 1450 1627 1511 communiter
1647 1448 1823 1528 contingunt
1848 1494 1858 1528 ,

235 1536 318 1620 pueri
341 1532 402 1614 poll
423 1531 624 1612 septennium,
648 1534 677 1593 in
699 1533 735 1593 iis
754 1550 879 1611 quotum
903 1528 1027 1592 materia
1066 1536 1116 1590 cir.
1136 1528 1156 1586 l.
1180 1532 1255 1589 Nam
1277 1532 1317 1588 ad
1338 1553 1387 1597 ea,
1403 1527 1634 1607 ffldeLegibus3
1657 1531 1857 1594 communiter

236 1636 336 1681 eorum
367 1610 448 1675 atati
478 1612 515 1674 est
536 1612 733 1676 conveniens.
763 1613 954 1673 communit.
989 1611 1023 1671 In
1065 1626 1160 1671 autem
1185 1630 1243 1669 non
1265 1611 1412 1686 contingit
1442 1609 1542 1689 plenus
1563 1607 1626 1670 usus
1647 1610 1767 1672 rationis
1788 1629 1857 1674 ante

234 1695 288 1761 tali
310 1694 387 1757 enim
411 1708 496 1753 atate
517 1693 713 1757 communiter
732 1689 879 1754 censentur
904 1711 1024 1768 capaces
1065 1688 1243 1771 septennium
1265 1686 1463 1767 completum,
1485 1691 1613 1771 adeoque
1633 1690 1692 1753 &a
1714 1689 1760 1753 Sic
1783 1692 1854 1754 Dia·

232 1775 375 1843 rationis3
406 1772 436 1833 δι
459 1773 547 1853 [ages
575 1773 703 1856 positiva
724 1772 879 1838 attendunt
899 1771 934 1832 ad
955 1794 1020 1841 ea,
1065 1791 1102 1830 na
1119 1788 1192 1850 *tarn
1220 1792 1265 1832 ιο.
1288 1768 1368 1829 erasi.
1404 1789 1448 1828 ta.
1470 1771 1577 1848 resolui.
1610 1792 1657 1849 37.
1690 1770 1857 1853 Burghaber

234 1877 296 1939 quar
317 1855 512 1916 communiter
531 1853 726 1935 contingunt,
746 1855 768 1912 s.
781 1854 856 1914 Nam
865 1856 963 1926 adea,
982 1854 1020 1927 ff.
1063 1856 1177 1911 centur.
1203 1872 1230 1910 2.
1253 1851 1317 1927 casu
1340 1870 1388 1923 24.
1411 1848 1521 1931 Illsung
1541 1870 1606 1910 tom.
1632 1872 1658 1913 1.
1677 1850 1707 1911 d.
1723 1874 1750 1913 2.
1763 1880 1790 1914 n.
1806 1854 1853 1915 18.

195 1942 269 2022 3de
289 1935 435 2017 Legibus.
467 1935 566 1997 Immo
587 1934 621 1996 ad
643 1936 733 2015 leges
754 1934 883 1996 Ecclefiae
905 1932 935 1994 in
958 1932 1021 2006 iis,
1061 1931 1246 2011 Casltopalao
1268 1930 1348 1991 traH.
1367 1930 1488 2011 adilp.
1514 1930 1855 2012 r.pun6i.t4.§.2.l(a·

254 2037 354 2079 uorum
391 2013 514 2079 materia
534 2034 633 2079 eorum
654 2013 734 2077 retati
757 2015 793 2074 eil
814 2013 1018 2086 conveniens,
1060 2011 1211 2088 zenberget
1231 2012 1280 2071 loc.
1305 2035 1329 2071 c.
1351 2033 1426 2071 num.
1451 2014 1518 2089 238·
1539 2012 1798 2082 loannesSanchee
1817 2017 1853 2078 δι

231 2038 384 2161 secundum
418 2095 526 2157 multos
554 2095 722 2175 obligantur
753 2093 842 2158 etiam
874 2093 1020 2164 infantes,
1062 2091 1133 2164 alii,
1156 2091 1186 2152 δι
1208 2090 1267 2153 haec
1289 2090 1428 2153 sententia
1448 2095 1485 2153 est
1506 2093 1593 2155 etiam
1617 2091 1683 2156 satis
1717 2095 1852 2175 probabi-

234 2176 281 2241 seu
312 2175 391 2257 pueri
421 2177 559 2238 habentes
589 2172 743 2258 persekitrm
776 2174 856 2236 usum
901 2170 1023 2235 rationis
1063 2169 1121 2242 lis,
1144 2170 1211 2234 telle
1232 2172 1275 2233 La
1296 2171 1387 2233 Croix
1409 2172 1459 2233 soc.
1482 2196 1506 2235 c.
1528 2199 1556 2233 n.
1580 2178 1648 2247 676.

231 2273 298 2321 ante
320 2256 517 2336 septennium.
540 2254 587 2316 stc
609 2254 741 2317 Busemb.
764 2253 815 2314 lib.
842 2275 866 2313 1.
890 2251 969 2313 troii.
989 2270 1018 2310 a.
1102 2250 1214 2326 Pueri,
1246 2251 1399 2315 &Puella
1420 2253 1481 2332 poll
1502 2250 1698 2336 septennnittrn
1718 2258 1850 2340 compse-
1878 2277 1893 2334 5

232 2354 293 2417 cap.
315 2358 342 2396 2.
365 2334 432 2396 deb.
458 2358 482 2398 ι.
506 2362 533 2397 n.
556 2358 584 2415 3.
607 2335 734 2396 Navarr.
745 2331 867 2412 Hentiq.
881 2336 971 2394 Azor.
983 2331 1020 2392 ab
1061 2346 1149 2405 tunt,
1170 2331 1201 2392 δι
1220 2353 1289 2395 anre
1311 2333 1519 2413 pubertatem,
1543 2334 1572 2395 id
1592 2336 1630 2396 esi
1651 2352 1716 2398 ante
1736 2359 1851 2400 annum

231 2416 294 2478 iso
315 2414 416 2485 citati,
440 2414 529 2478 Bosco
550 2414 584 2474 de
600 2418 697 2495 penit.
719 2413 749 2474 d.
769 2434 798 2489 7.
820 2434 895 2474 num.
920 2436 946 2473 2.
970 2412 1018 2472 ubi
1063 2431 1109 2486 14.
1141 2413 1318 2494 completum
1352 2414 1380 2473 in
1403 2412 1566 2491 masculis,
1600 2415 1631 2476 dt
1651 2435 1718 2478 ante
1738 2422 1851 2480 annum

248 2514 341 2568 ocet,
373 2496 443 2558 tales
475 2488 577 2578 postus
595 2493 719 2574 obligari
750 2493 785 2554 ad
816 2492 1018 2557 confessionem
1058 2491 1261 2556 duodecimum
1294 2493 1473 2575 completum
1504 2495 1533 2555 in
1564 2494 1703 2571 feminis,
1735 2498 1852 2580 poliunt

231 2596 376 2651 annnam,
397 2576 428 2637 lit
450 2575 606 2640 serenent
628 2574 723 2659 plures
742 2574 814 2650 alii,
836 2576 867 2638 dt
888 2575 946 2638 hec
957 2572 1016 2636 sen·
1059 2572 1200 2638 incurrere
1230 2574 1572 2640 Excommunicationem
1607 2577 1696 2640 laram
1719 2578 1748 2640 in
1769 2600 1850 2673 ens,

1755 2679 1806 2741 qut

274 2823 339 2902 (a)
362 2828 481 2886 Romani
502 2824 636 2908 Theologi
658 2831 749 2889 hiera.
774 2827 845 2888 Non
868 2824 962 2888 soloin
983 2821 1122 2887 suadenda
1142 2824 1181 2887 esl
1201 2823 1327 2899 Pueris,
1361 2824 1389 2887 in
1411 2824 1515 2907 quibus
1535 2825 1598 2888 usus
1619 2823 1742 2888 rationis
1762 2823 1843 2887 obti-

237 2922 287 2966 net
308 2921 374 2968 ante
394 2905 592 2986 septennium,
612 2927 644 2969 ac
667 2906 781 2968 malitia
803 2905 914 2987 supplet
935 2921 1069 2978 atatem,
1091 2903 1236 2968 Confelho
1257 2907 1500 2981 Sacramentalis,
1524 2904 1567 2969 sed
1590 2906 1783 2980 inculcanda,
1806 2926 1844 2968 ac

232 2985 355 3046 omnino
376 2986 581 3081 praecipienda.
604 2988 661 3049 Fac
683 2986 761 3049 enim
785 2988 837 3048 hos
862 2988 965 3049 Pueros
987 2986 1062 3048 inter
1081 2988 1189 3047 bonum
1211 2987 1242 3048 or
1264 2987 1372 3048 malum
1396 2986 1569 3062 disoetnere,
1592 3008 1624 3049 ac
1648 2987 1843 3065 peccaticon·

234 3062 307 3127 scios
327 3065 395 3139 esse,
418 3087 483 3148 quts
504 3084 590 3149 neget
613 3068 793 3131 necessatium
817 3068 853 3127 iis
873 3068 924 3129 eise
945 3067 1162 3128 Sacramentum
1184 3068 1388 3147 poenitentia,
1411 3084 1444 3129 ut
1465 3090 1483 3129 a
1503 3085 1620 3149 peccato
1641 3069 1788 3147 surgant?
1809 3066 1841 3128 Si

233 3143 440 3207 Centenarium
461 3148 539 3210 adire
560 3166 694 3212 tenentur
717 3149 845 3211 nondum
868 3147 982 3229 'expleto
1005 3146 1170 3223 septennio,
1192 3158 1265 3228 ergo·
1282 3149 1384 3212 divino
1406 3160 1549 3231 praecepto
1570 3152 1605 3214 de
1626 3148 1767 3232 expiando
1788 3167 1843 3229 pet

231 3225 472 3289 Sacramentalem
495 3227 706 3291 Confessionem
729 3246 847 3309 peccato
868 3249 966 3289 revera
986 3227 1218 3308 adstringuntur.
1238 3228 1315 3292 Cum
1339 3230 1443 3309 iraque,
1457 3230 1600 3303 Ecclefia,
1623 3250 1658 3292 ne
1681 3229 1777 3291 fideles
1799 3227 1844 3288 sa·

231 3304 353 3379 lutare,
384 3326 417 3367 ac
439 3307 620 3371 necessatium
645 3309 705 3388 posl
725 3326 875 3388 peccatum
909 3308 1066 3370 remedium
1089 3309 1268 3389 negligant,
1300 3310 1458 3392 generatim
1483 3312 1635 3393 praecipit,
1673 3328 1704 3372 trr
1740 3328 1846 3371 ornnes

233 3382 334 3446 saltem
355 3383 439 3447 semel
474 3386 503 3448 in
525 3408 602 3450 anno
624 3385 846 3463 confiteantur,
879 3389 962 3471 idque
984 3387 1334 3472 subEccleliallicisquo
1357 3393 1531 3471 reponis,
1568 3409 1599 3454 ut
1622 3388 1725 3453 sortios
1749 3389 1845 3470 negli-

231 3481 331 3544 gentes
351 3466 456 3529 excitet
474 3510 482 3538 ,
503 3467 657 3549 omnesque
680 3487 797 3532 moveat
818 3468 853 3531 ad
875 3467 1140 3533 reconciliationem
1161 3490 1226 3533 curn
1250 3411 1435 3535 venialem
1459 3469 1542 3535 semel
1575 3471 1604 3533 in
1628 3490 1704 3534 anno
1736 3488 1842 3550 procu·

232 3544 371 3619 rendam,
395 3545 572 3610 manifestum
594 3549 650 3621 eil,
674 3565 787 3629 tempus
808 3549 1023 3623 determinasse,
1047 3551 1124 3612 ultra
1143 3553 1221 3632 quod
1244 3551 1316 3613 nulli
1338 3550 1449 3633 prorsus
1470 3551 1580 3634 peccati
1602 3550 1700 3633 capaci
1721 3550 1843 3613 Censes·

232 3624 338 3687 stonem
360 3626 472 3690 differre
495 3627 598 3692 liceat.
623 3630 724 3709 Itaque
745 3631 765 3691 st
787 3631 897 3702 Pueri,
921 3632 951 3690 in
973 3629 1160 3709 quibustrsus
1183 3630 1304 3694 rationis
1325 3631 1525 3706 acceleratur,
1556 3653 1588 3694 ac
1612 3631 1728 3695 malitia
1760 3634 1842 3693 aetati

213 3707 398 3807 ,ιιικνιιῐιιὃ
429 3710 569 3801 peccati,
598 3731 633 3773 ac
655 3710 752 3789 gravis
772 3710 863 3793 culpe
886 3730 1003 3789 capaces
1024 3711 1077 3774 finr
1096 3755 1105 3785 ,
1127 3715 1193 3793 quis
1215 3731 1340 3791 unquam
1362 3732 1411 3775 eos
1430 3715 1540 3795 poterit
1561 3715 1598 3775 ab'
1632 3711 1685 3775 illo
1707 3712 1843 3775 Ecclefie

285 3806 371 3869 cepto
392 3809 614 3869 estmere,·qtto
636 3793 670 3851 ad
694 3811 817 3852 annuam
841 3790 1053 3854 Conseslionem
1075 3812 1177 3855 omnes
1199 3792 1310 3856 Fideles
1331 3791 1517 3873 obligantur?
1540 3795 1629 3857 Vides
1639 3803 1726 3875 ergo,
1749 3812 1840 3876 quam

241 3886 315 3947 unge
335 3889 351 3929 a
372 3890 441 3930 vero
462 3872 593 3933 aberrent
615 3871 733 3951 Benigni
756 3871 799 3932 illi
820 3872 992 3953 Theologi,
1013 3874 1064 3952 qtti
1089 3874 1246 3954 probabilis
1268 3874 1416 3958 opinionis
1438 3873 1505 3949 ttsu',
1529 3892 1560 3938 ut
1583 3873 1742 3937 hortandos
1774 3892 1839 3937 tan·

228 3962 321 4021 tum,
353 3966 403 4010 aut
423 3949 545 4014 omuino
567 3949 739 4013 excusandos
760 3972 785 4014 'a
805 3951 987 4016 Conseilione
1009 3953 1172 4024 huiusmodi
1203 3955 1310 4016 Pueros
1329 3954 1460 4017 docent.
1491 3956 1592 4037 Atque
1613 3955 1671 4018 haec
1694 3954 1722 4016 in
1755 3953 1840 4017 causa

229 4025 321 4100 sunt,
354 4044 385 4089 ut
404 4031 481 4112 apud
503 4032 654 4112 peritiores
673 4054 706 4094 ac
727 4032 762 4094 de
783 4050 888 4095 aeterna
910 4034 1062 4114 hominum
1085 4033 1174 4098 salute
1196 4036 1288 4115 magis
1311 4034 1450 4099 sollicitos
1470 4035 1672 4117 Theologos,
1705 4034 1839 4097 doslrina

227 4106 425 4189 probabilismi
449 4113 524 4174 male
545 4114 662 4175 audiat.
683 4114 760 4174 Nam
783 4114 900 4175 admissa
922 4118 1010 4177 etiam
1033 4116 1190 4196 opinione,
1211 4136 1275 4196 quae
1296 4117 1384 4179 tradit
1406 4116 1538 4178 Ecclesia
1560 4132 1702 4199 precepta
1737 4116 1836 4177 homi·

229 4209 278 4251 nes
300 4208 358 4251 non
379 4189 507 4269 obligare
527 4210 594 4256 ante
616 4193 824 4273 septennium,
855 4198 931 4275 quod
964 4196 1039 4273 leges
1072 4196 1199 4276 positiva
1231 4197 1265 4256 ad
1295 4218 1328 4258 ea
1359 4195 1547 4269 reseruntur,
1577 4217 1641 4278 quae
1674 4199 1837 4278 generatim

226 4268 390 4340 accidunt,
424 4271 516 4334 nihilo
545 4291 644 4338 tamen
675 4274 771 4336 minus
800 4274 835 4337 de
867 4297 966 4337 annua
995 4275 1176 4338 consessionis
1216 4293 1357 4358 precepto
1398 4277 1427 4338 iu
1463 4278 1555 4340 Puero
1607 4279 1697 4342 eccari
1729 4298 1764 4339 ca
1785 4299 1836 4339 ace

224 4368 292 4413 ante
313 4348 490 4432 septennium
513 4354 597 4416 aliter
627 4353 888 4437 philosophandum
910 4360 967 4423 esi;
989 4358 1053 4417 Nifi
1075 4356 1199 4421 velimus
1218 4357 1359 4431 asserere,
1392 4358 1546 4421 Ecclefiam
1632 4360 1736 4422 horum
1760 4298 1833 4423 Bue-

225 4450 322 4494 torum
345 4429 433 4494 salute
455 4431 607 4495 sollicitam
631 4454 688 4495 non
710 4438 783 4508 elle,
817 4437 862 4497 vel
887 4438 958 4515 leges
981 4436 1041 4499 suas
1064 4459 1119 4500 non
1143 4439 1292 4501 extendere
1313 4439 1350 4500 ad
1371 4460 1499 4512 omnes,
1522 4440 1626 4518 quibus
1642 4460 1832 4521 congruunt,

225 4532 258 4572 ac
278 4513 367 4576 etiam
390 4513 545 4576 necessaria
569 4514 653 4575 sunt.
677 4515 820 4594 Congruit
842 4536 934 4589 vero,
964 4539 998 4579 ac
1020 4518 1199 4580 necessarium
1221 4520 1279 4593 eil,
1304 4534 1338 4582 ut
1358 4521 1431 4585 Puer
1451 4538 1541 4603 capax
1564 4521 1673 4602 peccati
1697 4565 1706 4596 ,
1729 4523 1760 4584 δι
1781 4522 1834 4602 qui

223 4593 318 4673 gravit
339 4595 390 4657 elle
412 4593 497 4677 posin
519 4593 607 4679 culpa
630 4616 711 4673 reus,
735 4596 911 4680 poenitentia
932 4600 1148 4664 Sacramentum
1172 4599 1313 4684 recipiat.
